1912 3082
72 124 129 180 120
311 182 321 197 ⁴
371 126 622 176 uerrucam.
670 106 673 110 ’

70 262 218 321 Demisere
230 271 309 320 metu
322 263 489 340 vultumque
502 261 683 338 animumque
698 260 818 338 Pelasgi.

68 342 135 419 Ipsa
147 346 156 378 ¹
176 361 288 418 quoque
302 342 443 411 extimuit,
457 362 520 419 quae
531 352 625 400 tutum
638 341 745 398 fecerat
757 341 852 398 illumr

69 421 167 496 thue
179 421 239 497 peti
250 425 383 498 juvenem
396 432 440 479 tot
452 421 524 478 vidit
536 422 574 478 ab
584 419 714 477 hostibus
728 439 826 489 unum,

67 499 191 567 Palluit;
211 509 241 558 et
254 500 349 558 subiti>
364 500 424 558 sine
437 498 574 576 sanguine
586 497 688 574 frigida
701 498 784 556 sedit.

67 577 150 637 Neve
162 597 263 655 parum
275 579 388 636 valeant
399 596 457 635 ase
470 578 539 634 data
549 577 684 653 gramina,
697 596 811 635 carmen

68 658 216 715 Auxiliare
230 657 314 724 canit,
326 666 505 731 secretasque
517 656 639 713 advocat
651 666 736 713 artes.

106 737 167 802 Ille,
180 754 293 811 gravem
305 734 413 791 medios
427 733 534 792 silicem
545 734 688 811 jaculatus
701 735 730 791 in
743 733 849 804 hostes,

66 815 96 870 A
111 833 141 871 se
155 813 303 890 depulsum
318 812 443 870 Martem
455 813 595 871 convertit
608 812 636 868 in
650 812 735 889 ipsos.
859 816 914 872 14⁰

66 890 226 968 Terrigenae
239 900 360 966 pereunt
372 910 424 967 per
435 901 535 949 mutua
547 891 664 949 vulnera
676 891 785 960 fratres,

67 971 205 1046 Civilique
219 971 325 1027 cadunt
338 971 408 1028 acie.
449 970 606 1028 Gratantur
620 969 733 1040 Achivi,

66 1049 267 1125 Victoremque
276 1059 384 1118 tenent,
397 1048 542 1125 avidisque
553 1049 731 1125 amplexibus
743 1047 860 1106 herent.

66 1128 112 1185 Tu
124 1128 238 1206 qudque
250 1128 387 1186 victorem
401 1128 561 1205 complecti,
576 1130 696 1186 barbara
703 1132 722 1197 ²,
736 1128 843 1195 velles;

66 1206 187 1265 Obstitit
200 1208 314 1282 incepto
328 1207 436 1283 pudor:
454 1217 484 1264 et
497 1208 648 1283 complexa
659 1207 777 1276 fuisses;

67 1285 125 1344 Sed
138 1296 176 1353 te,
188 1304 225 1342 ne
238 1285 354 1353 faceres,
370 1285 462 1343 tenuit
474 1286 632 1345 reverentia
642 1286 733 1344 famae.

65 1364 151 1427 Quod
164 1364 240 1431 licet
255 1363 360 1420 affectu
374 1364 461 1420 tacito
475 1363 594 1431 laetaris3
613 1364 731 1441 agisque

64 1442 245 1500 Canninibus
258 1450 361 1518 grates,
375 1450 406 1498 et
418 1443 472 1498 Dis
485 1443 649 1500 auctoribus
662 1443 774 1500 horum.

105 1520 272 1596 Pervigilem
286 1530 415 1595 superest
427 1519 523 1577 herbis
536 1520 629 1596 sopire
642 1520 812 1588 draconem

65 1599 122 1664 Qui
136 1599 221 1657 cristis
234 1598 394 1675 linguisque
407 1597 498 1655 tribus
510 1598 662 1676 praesignis,
676 1609 707 1657 et
719 1598 801 1657 uncis
856 1599 913 1657 150

62 1677 209 1738 Dentibus
220 1677 384 1744 horrendus,
398 1688 495 1735 custos
505 1687 565 1735 erat
578 1678 672 1737 arietis
685 1677 772 1736 aurei.

63 1757 153 1815 Hunc
166 1768 317 1834 postquam
331 1756 432 1833 sparsit
445 1755 554 1814 Letbaei
567 1756 693 1834 gramine
707 1756 794 1826 succi,

63 1834 216 1913 Verbaque
229 1848 274 1894 ter
286 1836 358 1893 dixit
372 1834 499 1912 placidos
512 1834 646 1894 facientia
657 1854 780 1904 somnos,

63 1916 136 1978 Quae
149 1934 226 1974 mare
240 1917 394 1983 turbatum,
409 1933 472 1990 quae
485 1914 728 1972 concitaflumina
740 1914 857 1983 sistant3

64 1991 187 2050 Somnus
200 1994 230 2050 in
244 1993 356 2070 ignotos
368 1992 466 2049 oculos
479 1993 610 2051 advenits
630 2004 661 2050 et
674 2011 742 2050 auro

62 2071 159 2128 Heros
173 2072 307 2129 AEsonius
318 2071 441 2146 potitur:
463 2070 609 2146 spolioque
622 2074 769 2148 superbus,

61 2148 192 2206 Muneris
205 2159 350 2206 auctorem
365 2165 471 2214 secum,
486 2148 575 2223 spolia
589 2149 686 2216 altera,
701 2161 826 2225 portans,

61 2225 162 2285 Victor
175 2226 313 2284 Iolciacos
326 2225 422 2300 tetigit
436 2244 502 2282 cum
514 2230 636 2304 conjuge
650 2239 759 2305 portus.
854 2231 909 2288 158

156 2382 164 2412 ¹
175 2385 230 2445 Ipso
242 2383 362 2446 (Medea).
393 2380 522 2430 'Barbara
536 2383 631 2447 (Virgo,
643 2388 659 2433 i.
671 2403 690 2433 e.
702 2385 808 2447 Medea).
