1912 3082
212 105 285 156 mu·⁸
305 106 366 154 xv.
386 107 467 155 aaut
487 107 527 158 11.
748 105 806 165 ut

24 252 70 300 tur
81 239 188 298 ultoris.
229 240 337 298 Nocuit
350 241 500 317 suaculpa
512 242 634 301 duobus.
648 251 651 255 “
670 253 673 259 ’

24 321 32 377 Ι
45 317 194 389 meruistis,
206 338 281 389 oves,
297 320 441 395 placidum
454 340 550 396 pecus,
565 321 650 399 inque
662 323 785 383 tuendos

24 421 64 457 rm
78 399 214 468 homines,
228 400 314 475 pleno
325 419 388 475 quae
399 400 478 457 fertis
492 399 521 456 in
535 403 622 459 ubere
635 403 758 462 nectar?
801 459 804 462 ⁴

24 479 57 535 iia
71 498 133 554 quae
147 478 229 535 nobis
243 489 350 536 vestras
363 478 504 536 velamina
513 479 593 537 lanas

24 557 100 624 retis,
115 557 228 632 vitiique
242 558 340 633 magis,
355 558 440 633 qudm
454 568 554 627 morte,
566 558 680 634 juvatis.

24 637 172 694 [meruere
186 639 282 704 boves,
297 636 402 693 animal
416 638 476 694 sine
489 637 589 694 fraude
604 637 742 716 dolisque,

24 734 122 781 ouum,
138 714 266 788 simplex,
279 725 378 771 natum
394 716 513 773 tolerare
525 713 660 774 labores?
747 710 803 774 121

24 812 106 849 ,emor
116 802 159 849 est
174 793 297 860 demum,
312 813 365 851 nec
375 793 488 869 frugum
503 814 620 852 munere
631 794 742 872 dignus,

24 871 123 947 potuit,
138 871 215 927 curvi
229 871 325 928 demto
338 873 423 929 modd
438 873 563 949 pondere
577 874 670 943 aratri,

25 950 118 1008 colam
131 960 256 1007 mactare
271 970 371 1016 suum;
391 951 440 1027 qui
454 951 520 1008 trita
534 951 632 1009 labore

29 1028 132 1104 quibus
146 1028 230 1084 toties
245 1028 347 1085 durum
361 1039 544 1086 renovaverat
556 1049 664 1100 arvum,

24 1107 142 1163 dederat
155 1126 269 1173 messes,
284 1107 423 1181 percussit
436 1107 511 1164 colla
522 1107 623 1164 securi.

24 1204 56 1242 ec
71 1185 138 1241 satis
149 1196 200 1251 est,
215 1185 292 1260 quod
306 1185 363 1242 tale
377 1185 456 1242 nefas
469 1185 673 1244 committitur:
693 1184 771 1264 ipso!
798 1243 800 1248 .

24 1263 125 1338 ripsere
139 1264 219 1320 Deos
232 1262 339 1331 sceleri,
355 1283 518 1340 numenque
527 1283 681 1339 supernum

24 1363 40 1399 e
53 1341 191 1398 laboriferi
207 1340 327 1397 credunt
340 1342 464 1417 gaudere
475 1342 599 1419 juvenci.

24 1421 77 1476 ima
88 1420 151 1476 labe
164 1439 272 1487 carenS,
284 1430 314 1475 et
323 1421 554 1495 praestantissima
563 1421 662 1490 forma,
746 1424 804 1480 180

24 1519 40 1554 n
54 1498 193 1574 placuisse
207 1498 312 1571 nocet)
326 1498 403 1555 vittis
415 1500 561 1576 praesignis
575 1511 692 1569 etatum,

24 1588 68 1633 tur
81 1588 147 1633 ante
161 1596 231 1644 aras,
243 1576 378 1652 auditque
392 1578 490 1652 ignara
502 1589 676 1652 precantem,

24 1656 120 1730 >nique
131 1675 188 1712 suae
201 1655 279 1713 videt
291 1655 365 1711 inter
376 1675 482 1713 cornua
492 1655 588 1723 fronti,

24 1734 139 1801 moluit,
153 1735 265 1809 fruges;
285 1753 475 1809 percussaque
489 1733 626 1808 sanguine
638 1731 746 1791 cultros
800 1795 803 1799 ,

25 1813 47 1869 it
61 1813 90 1868 in
104 1813 210 1888 liquida
223 1812 355 1888 praevisos
368 1812 486 1869 forsitan
500 1812 586 1869 undd.

24 1892 87 1947 inus
101 1902 212 1966 ereptas
225 1892 331 1948 viventi
345 1901 461 1966 pectore
473 1891 559 1947 fibras

24 1970 120 2037 iciunt,
135 1981 301 2045 mentesque
313 1971 410 2026 Derim
424 1979 586 2026 scrutantur
600 1967 629 2024 in
644 1967 708 2026 illis.

24 2069 40 2106 e
53 2049 144 2107 fames
157 2049 265 2105 homini
274 2048 427 2105 vetitorum
442 2058 522 2106 tanta
534 2047 687 2119 ciborum?

24 2128 76 2184 etis
89 2127 175 2196 vesci,
190 2147 279 2203 genus
290 2127 317 2184 Ο
328 2127 472 2184 mortale?
493 2128 578 2204 quod,
593 2146 653 2196 oro,

24 2207 115 2272 acite3
136 2217 166 2262 et
176 2206 289 2262 monitis
303 2208 412 2263 animos
426 2207 563 2264 advertite
577 2207 698 2264 nostris:
749 2207 806 2269 140

24 2304 85 2360 ique
99 2287 187 2341 boum
198 2284 303 2341 dabitis
317 2304 453 2342 caesorum
466 2289 594 2344 membra
606 2287 711 2361 paiato,

25 2365 93 2420 dere
105 2382 156 2419 vos
169 2374 276 2419 vestros
291 2364 361 2419 scite
376 2374 405 2421 et
418 2365 520 2422 sentite
535 2364 661 2421 colonos.

24 2453 32 2499 t
47 2442 181 2517 quoniam
195 2443 276 2497 Deus
287 2461 336 2498 ora
346 2453 450 2511 movet,
466 2461 566 2517 sequar
579 2460 629 2499 ora
642 2452 805 2500 moventem

37 2522 151 2586 Deum;
169 2520 354 2595 Delphosque
368 2539 456 2588 meoS,
471 2521 620 2596 ipsumque
631 2519 776 2579 recludam

26 2617 82 2666 era,
95 2609 124 2655 et
138 2610 267 2673 augustae
279 2600 410 2655 reserabo
423 2599 538 2655 oracula
551 2598 664 2657 mentis.

24 2697 71 2744 na,
87 2696 141 2734 nec
154 2677 274 2752 ingeniis
288 2677 444 2753 evestigata
455 2678 588 2753 priorum,

24 2775 82 2831 que
96 2756 145 2812 diu
159 2755 276 2825 latuere,
292 2774 403 2814 canam.
445 2757 537 2817 durat
547 2756 656 2835 ireper
669 2753 737 2812 dm

24 2852 32 2889 ι
40 2856 51 2898 ,·
63 2837 155 2908 jurat,
173 2834 255 2893 terris
266 2847 297 2896 et
310 2835 401 2898 inerti
416 2840 491 2902 sede
504 2837 635 2907 remus.

356 2923 417 2982 Η
