1912 3082
65 126 122 184 152
343 131 591 181 muraneum.
666 138 673 180 1

192 421 292 482 Julius
307 424 406 483 Gerar
418 426 450 482 in
467 424 602 483 Cometen.
649 442 722 482 ssu.
737 442 779 481 nr.

60 658 124 716 Hrc
138 670 234 716 tamen
248 658 368 717 accessit
382 658 506 716 delubris
518 660 628 718 advena
642 660 762 717 nostris:
856 660 914 721 745

60 736 155 794 Caesar
168 738 197 793 in
211 737 290 795 Urbe
302 738 354 794 sud
366 739 447 795 Deus
458 748 511 806 est,
526 757 611 813 quern
625 740 722 796 Marte
735 739 863 816 togdque

61 813 247 891 Praecipuum,
259 833 316 871 nou
330 814 406 873 bella
419 815 510 891 magis
521 816 602 874 finita
616 817 775 893 triumphis,
920 824 923 829 '

59 891 174 969 Resque
188 893 265 950 domi
279 903 375 969 gestae,
388 905 593 971 properataque
607 896 697 971 gloria
710 914 806 953 rerum

59 971 95 1028 In
110 973 187 1030 sidus
201 976 310 1030 vertere
322 991 435 1042 novum,
451 973 617 1050 stellamque
632 983 803 1042 comantem,
853 974 924 1033 Μ’

60 1051 154 1114 Quam
166 1070 217 1108 sua
230 1052 388 1128 progenies.
429 1052 530 1128 Neque
542 1052 618 1109 enirn
632 1053 669 1110 de
683 1052 802 1110 Caesaris
815 1052 891 1112 actis
918 1062 923 1069 '

60 1128 159 1187 Ullum
173 1134 265 1207 majus
279 1150 359 1206 opus,
375 1130 460 1206 quam
475 1130 551 1207 qudd
563 1142 644 1206 pater
656 1130 765 1189 exstitit
780 1132 875 1210 hujus.

61 1207 176 1265 Scilicet
187 1227 331 1284 aequoreos
344 1210 409 1285 plus
426 1220 471 1267 est
482 1210 625 1267 domuisse
640 1209 802 1280 Britannos,

59 1284 170 1362 Perque
183 1287 333 1362 papyriferi
346 1288 516 1363 septemflua
529 1288 646 1345 flumina
660 1287 720 1345 Nili

58 1362 198 1421 Victrices
211 1365 303 1439 egisse
316 1376 399 1434 rates,
415 1366 611 1442 Numidasque
625 1365 756 1435 rebelles,

60 1441 288 1519 Cinyphiumque
302 1444 417 1513 Jubam,
432 1444 683 1521 Mithridateisque
696 1454 857 1504 tumentem
918 1454 921 1461 '

59 1518 229 1578 Nominibus
242 1521 375 1591 Pontum,
387 1522 494 1599 populo
508 1522 646 1599 adjecisse
658 1523 777 1592 Quirini,

58 1597 98 1656 Et
111 1599 216 1656 multos
227 1600 371 1670 meruisse,
385 1601 494 1678 aliquos
508 1601 599 1677 egisse
614 1601 781 1677 triumphos,

58 1677 152 1741 Quam
166 1689 278 1735 tantum
290 1679 421 1755 genuisse
435 1681 533 1748 virum,
548 1698 604 1755 quo
616 1680 736 1755 praeside
747 1699 852 1751 rerum,
919 1737 921 1741 ,

58 1755 195 1814 Humano
209 1758 315 1832 generi,
332 1759 441 1834 Superi,
456 1759 569 1816 caristia
583 1758 707 1816 abunde.

59 1833 104 1891 Ne
118 1835 191 1892 foret
203 1837 251 1894 hic
264 1836 350 1912 igitur
363 1838 474 1895 mortali
489 1837 597 1895 semine
611 1846 714 1904 cretus,
852 1837 913 1895 760
945 1876 948 1881 -

57 1912 110 1970 Ille
125 1914 206 1971 Deus
219 1914 366 1972 faciendus
380 1926 449 1973 erat.
491 1916 576 1979 Quod
590 1925 622 1972 ut
634 1933 720 1972 aurea
734 1914 805 1973 vidit

57 1991 157 2048 AEneae
171 1993 301 2066 genitrix,
316 1993 387 2049 vidit
401 1993 514 2069 quoque
528 1993 608 2051 triste
620 1993 711 2068 parari

57 2068 189 2126 Pontifici
204 2069 301 2136 letum,
317 2080 347 2126 et
360 2075 508 2146 conjurata
521 2089 599 2128 arma
610 2070 727 2129 moveri.

58 2146 171 2213 Palluit,
187 2156 216 2203 et
231 2147 351 2214 cunctis,
364 2157 397 2203 ut
412 2148 514 2222 cuique
529 2158 589 2204 erat
603 2149 695 2217 obvia,
711 2147 804 2218 Divis,

57 2224 193 2299 Adspice,
208 2223 331 2292 dicebat,
347 2227 454 2299 quanta
466 2225 535 2281 mihi
549 2226 624 2284 mole
638 2237 774 2301 parentur

55 2302 177 2368 insidiae,
193 2302 354 2377 quantique
368 2313 455 2377 caput
469 2322 535 2360 cum
549 2303 648 2362 fraudo
660 2315 776 2381 petatur

56 2381 142 2445 Quod
156 2380 192 2439 de
207 2380 353 2438 Dardanio
368 2381 459 2438 solum
473 2382 542 2438 mihi
554 2393 643 2441 restat
657 2383 731 2440 liilo.

57 2459 161 2517 Solane
176 2479 287 2536 semper
298 2479 346 2517 ero
359 2460 443 2537 justis
455 2461 580 2518 exercita
595 2461 694 2518 curis?

56 2540 149 2602 Quam
164 2539 250 2595 modo
265 2539 385 2614 Tydidae
400 2539 558 2615 Calydonia
570 2540 700 2598 vulneret
711 2539 803 2608 hasta,
910 2597 914 2604 ,

56 2617 142 2673 Nunc
154 2617 229 2672 male
244 2617 367 2674 defensae
381 2618 557 2674 confundant
568 2617 674 2674 moenia
690 2617 802 2694 Trojae3
853 2621 912 2674 770

56 2697 128 2758 Quae
141 2694 252 2751 rideam
263 2704 362 2751 natum
376 2695 469 2771 longis
480 2696 620 2752 erroribus
634 2706 740 2764 actum,

40 2772 215 2848 ⁴laetarique
224 2771 310 2843 freto,
325 2773 467 2852 sedesque
481 2773 585 2832 intrare
598 2773 742 2841 silentum,

21 2846 172 2925 Bellaque
185 2872 255 2912 curn
277 2853 379 2916 Turno
393 2876 509 2938 gerere,
524 2863 588 2926 aut,
601 2853 628 2913 si
638 2871 709 2910 vera
717 2851 857 2916 latemur,
