1912 3082
92 113 131 169 64
400 117 651 167 METAMORPH·

91 253 198 324 Morte,
213 253 261 323 ait,
275 254 329 312 ede
346 265 428 311 tuum
441 273 554 324 nomen,
566 273 727 330 nomenque
736 263 896 331 parentum,

92 332 133 390 Et
145 333 274 411 patriam
288 334 428 410 morisque
439 335 505 391 novi
518 353 568 391 cur
581 352 662 392 sacra
673 333 834 408 frequentes
845 337 862 389 ¹.

131 412 185 470 Ille
198 423 278 470 metu
291 432 398 471 vacuus
408 417 427 482 ²,
443 414 556 471 Nomen
569 413 647 481 milri,
660 412 741 479 dixit,
757 413 894 478 Acoetes3

92 490 195 561 Patria,
211 492 337 550 Maeonia
347 502 406 559 est3
426 492 524 549 humili
538 493 575 549 de
588 493 673 568 plebe
685 500 826 566 parentes.

92 570 159 627 Non
167 571 248 640 mihi,
263 591 325 647 quae
338 571 400 628 duri
415 571 549 638 colerent,
562 581 651 647 pater,
665 588 732 627 arva
742 569 866 646 juvenci,

91 649 282 726 Lanigerosve
295 669 395 726 greges
403 650 423 718 ³,
434 669 491 706 non
506 650 564 706 ulla
578 659 705 706 armenta
716 648 730 679 ⁴
743 648 865 724 reliquit.

92 727 204 805 Pauper
217 738 247 785 et
260 728 321 804 ipse
332 728 405 795 fuit;
425 728 539 804 linoque
550 727 561 760 ⁵
576 729 686 785 solebat
700 736 730 784 et
742 727 834 784 hamis

90 807 240 883 Decipere,
255 817 284 864 et
298 807 429 865 calamo⁶
442 807 574 865 salientes
588 808 692 864 ducere
705 805 807 883 pisces.

91 887 148 943 Ars
162 886 202 942 illi
216 905 268 943 sua
281 905 383 943 census
395 888 406 922 ⁷
417 896 486 943 erat.
527 886 602 944 Ciun
616 886 740 943 traderet
753 896 862 952 artem;

91 965 210 1041 Accipe,
225 983 295 1040 quas
307 965 409 1032 habeo,
424 964 509 1022 studii
524 984 670 1022 successor
683 973 713 1021 et
725 963 823 1031 haeres,

90 1042 182 1112 Dixit,
193 1062 280 1121 opes3
293 1044 471 1120 moriensque
484 1043 552 1100 mihi
566 1043 634 1100 nihil
649 1044 696 1100 ille
709 1042 831 1118 reliquit,
886 1044 898 1097 t

90 1121 197 1180 Praeter
210 1142 315 1199 aquasz
334 1142 423 1180 unum
436 1124 492 1180 hoc
505 1141 620 1199 possum
630 1122 772 1199 appellare
785 1131 898 1198 poterat

90 1200 165 1258 Mox
179 1221 242 1278 ego,
257 1221 294 1259 ne
306 1202 430 1278 scopulis
442 1202 577 1260 haererem
591 1221 701 1278 semper
713 1201 741 1257 in
756 1201 856 1269 isdem,

91 1280 226 1338 Addidici
236 1281 370 1356 regimen,
386 1280 486 1338 dextra
498 1281 671 1350 moderante,
683 1281 788 1338 carinae

90 1358 218 1416 Flectere
229 1382 236 1426 ;
256 1369 286 1416 et
301 1359 411 1416 Oleniae
424 1359 502 1416 sidus
513 1360 636 1435 pluviale
650 1359 775 1435 capelle,

90 1436 304 1514 Taygetenque,
319 1438 503 1514 Hyadesque,
518 1438 617 1508 oculis,
633 1441 810 1513 Arctonque,
824 1446 898 1493 nota*

88 1515 303 1592 Ventorumque
317 1516 417 1575 domos
425 1521 444 1585 ⁸,
459 1528 489 1575 et
501 1529 600 1595 portus
612 1517 756 1593 puppibus
773 1526 867 1592 aptos.

89 1593 174 1652 Forte
188 1605 289 1672 petens
303 1595 407 1664 Delon,
422 1596 487 1653 Diae
500 1596 608 1654 telluris
621 1597 658 1653 ad
673 1615 735 1653 oras

89 1674 236 1750 Applicor,
252 1685 282 1732 et
296 1674 402 1733 dextris
414 1676 540 1733 adducor
552 1675 635 1732 litora
647 1675 732 1732 remis
744 1679 764 1743 ⁹,

89 1752 194 1829 Doque
207 1753 283 1812 leves
297 1755 394 1823 saltus,
409 1755 528 1831 udaeque
541 1754 646 1811 innitor
655 1773 756 1811 arenae.

88 1829 157 1888 Nox
169 1832 219 1890 ubi
232 1844 381 1891 consumta
391 1846 434 1891 est
445 1857 453 1901 ς
474 1839 586 1893 Aurora
598 1835 748 1891 rubescere
757 1831 898 1909 primumi

90 1911 233 1986 Coeperat,
247 1931 378 1987 exsurgo,
393 1913 548 1989 laticesque
560 1912 662 1970 inferre
675 1923 805 1969 recentes

88 1989 249 2057 Admoneo,
264 2000 446 2066 monstroque
459 1991 541 2058 viam,
556 2010 619 2066 quae
632 1991 720 2048 ducat
733 1991 770 2048 ad
783 1989 884 2046 undas.

88 2067 161 2142 lpse,
176 2067 244 2142 quid
257 2087 326 2125 aura
339 2069 407 2124 mihi
421 2068 530 2125 tumulo
544 2069 691 2144 promittat
704 2072 741 2128 ab
756 2070 823 2136 alto,

90 2144 245 2220 Prospicio‚
260 2146 434 2221 comitesque
447 2165 528 2214 voco,
542 2157 697 2224 repetoque
711 2148 845 2206 carinam.

88 2224 243 2292 Adsumus,
258 2223 311 2290 en!
328 2225 426 2299 inquit,
441 2225 581 2283 sociorum
599 2227 706 2303 primus
720 2226 876 2303 Opheltesr

88 2302 186 2377 thue
199 2312 292 2378 putat,
305 2303 428 2379 praedam
442 2304 555 2361 deserto
569 2315 670 2363 nactus
683 2305 713 2362 in
726 2324 802 2382 agro,

87 2379 222 2456 Virginea
235 2400 355 2457 puerum
372 2381 452 2439 ducit
465 2401 516 2459 per
529 2384 612 2441 litora
624 2384 724 2442 formai.

119 2482 285 2550 ¹Frequentes,
297 2486 354 2537 thou
366 2491 508 2540 celebratest.
541 2494 551 2523 2
568 2499 656 2542 Vacuus
667 2506 735 2549 areta,
746 2496 796 2542 free
807 2496 868 2541 from
878 2495 898 2540 fe

86 2552 189 2605 fearless,
202 2571 237 2610 or,
249 2554 395 2601 undaunted.
431 2555 578 2616 'Lanigeros
586 2575 671 2618 greges,
680 2560 854 2619 wool-bearing
865 2558 896 2603 flo

88 2620 134 2663 eie.
153 2618 231 2674 sheep.
265 2615 406 2670 *Armenta
423 2618 499 2662 herde.
534 2619 621 2672 ‘Lina
639 2620 695 2665 with
713 2637 728 2668 a
744 2633 791 2669 net.
823 2620 898 2667 “Calo

86 2680 168 2726 witha
179 2678 240 2733 reed,
259 2681 275 2726 ι’.
295 2696 314 2726 e.
334 2679 391 2725 with
405 2695 421 2726 a
433 2679 583 2741 fishing-rod.
616 2682 727 2737 'Census
744 2686 781 2730 his
790 2693 878 2730 estate:

83 2743 185 2788 Census.
221 2742 328 2790 'Demos
344 2752 468 2797 ventorum,
484 2744 524 2789 the
540 2744 626 2790 houses
641 2745 671 2791 of
683 2748 723 2792 the
739 2747 824 2804 winds,
840 2751 856 2793 ι’.
873 2763 892 2792 e.

57 2802 148 2854 points
163 2805 229 2850 Iram
250 2806 328 2854 wlrr'clr
348 2805 642 2904 theywllestris
658 2812 737 2863 remis,
747 2811 807 2855 uiui
816 2825 861 2855 our
869 2807 898 2863 riq

47 2857 124 2905 hand
132 2878 190 2910 031⁸}
200 2883 210 2904 r
231 2871 291 2904 m'ffl
300 2886 352 2904 ΛΜ
359 2881 381 2904 ab
