1912 3082
67 121 123 189 lto
368 135 620 187 ununmonrrs.

64 272 209 339 Concitet,
224 272 251 330 Ο
266 271 345 342 socii,
359 285 474 350 captam
488 274 630 332 dimittere
644 273 782 350 TroJam?
851 274 854 278 ’

63 353 176 417 Quidve
188 352 305 409 domum
318 351 397 410 fertis
410 353 532 421 decimo,
545 353 598 410 nisi
608 352 742 421 dedecus,
753 351 854 410 anno?

65 431 183 489 Talibus
197 442 284 508 atque
297 431 367 500 aliis,
380 432 410 488 in
423 452 487 508 quae
500 433 582 490 dolor
597 432 657 509 ipse
671 433 809 489 disertum

63 509 192 578 Fecerat,
207 529 319 568 aversos
332 511 453 587 profugia
462 511 499 569 de
511 511 601 570 classe
613 511 723 569 reduxi.

66 590 215 664 Convocat
229 590 346 648 Atrides
359 590 452 648 socios
464 601 570 649 terrore
581 600 734 666 paventes;
859 591 921 649 280

63 667 128 728 Nec
143 667 360 727 Telamoniades
367 669 456 726 etism
470 688 547 727 nunc
561 670 671 727 hiscere
682 668 838 746 quidquam

64 748 168 805 Ausit:
188 759 220 805 at
233 766 319 805 ausus
329 757 393 804 erat
404 766 488 824 reges
502 748 643 806 incessere
657 748 741 806 dictis

64 826 217 894 Thersites,
232 826 318 884 etiam
332 845 383 902 per
395 845 442 884 me
456 827 534 884 haud
547 827 672 903 impune,
686 826 833 904 protervis.

64 904 174 981 Erigor,
190 914 220 962 et
233 904 358 981 trepidos
371 905 447 963 cives
461 907 595 964 exhortor
607 907 637 962 in
650 906 773 975 hostem,

65 985 266 1062 Amissamque
279 985 344 1044 med
355 985 489 1043 virtutem
502 1004 573 1043 voce
587 1004 715 1061 reposco.

64 1063 206 1141 Tempore
220 1066 257 1123 ab
270 1064 335 1133 hoc,
348 1065 539 1141 quodcunque
552 1075 648 1141 potest
661 1064 762 1123 fecisse
775 1062 864 1122 videri

64 1143 186 1201 Fortiter
199 1143 262 1212 iste,
276 1163 370 1201 meum
385 1154 439 1213 est,
453 1145 502 1220 qui
514 1144 633 1202 dantem
646 1153 727 1220 terga
739 1143 856 1200 retraxi.

103 1223 236 1298 Denique
250 1223 287 1279 de
302 1223 412 1282 Danais
421 1224 486 1300 quis
498 1234 528 1282 te
541 1223 674 1282 laudatve
688 1222 818 1299 petitve?

66 1302 108 1358 At
122 1320 173 1358 sua
187 1301 313 1378 Tydides
327 1321 440 1361 mecum
454 1303 648 1361 communicat
661 1313 743 1370 acta3

66 1379 119 1437 Me
130 1382 251 1456 probat;
268 1390 298 1437 et
310 1381 388 1439 socio
403 1400 515 1458 semper
528 1381 646 1441 confidit
661 1381 774 1458 Ulysse.
860 1382 922 1438 24⁰

65 1458 119 1517 Est
130 1458 244 1534 aliquid,
257 1459 294 1517 de
306 1469 350 1518 tot
360 1459 513 1519 Graiorum
523 1460 656 1528 millibus,
669 1480 757 1517 unum

65 1540 95 1595 A
110 1538 251 1596 Diomede
263 1537 329 1615 legi.
370 1539 433 1598 Nec
446 1559 493 1598 me
505 1559 565 1599 sors
578 1539 619 1597 ire
630 1540 769 1616 jubebam

65 1618 114 1676 Sic
128 1628 232 1686 tamen,
247 1629 277 1676 et
291 1630 386 1696 spreto
398 1619 547 1696 noctisque
557 1619 701 1694 hostisque
714 1615 831 1693 periclo,

65 1699 178 1755 Ausum
193 1699 301 1768 eadem,
314 1719 377 1776 quae
390 1719 450 1768 nos,
465 1699 589 1777 Phrygia
602 1698 638 1757 de
649 1707 736 1774 gente
746 1697 864 1755 Dolona

64 1777 219 1845 lnterim0;
235 1797 293 1835 non
307 1779 375 1837 ante
386 1789 490 1849 tamen,
502 1780 588 1855 quam
601 1787 706 1836 cuncta
719 1776 802 1852 coe'gi

65 1856 199 1925 Prodere,
213 1868 243 1914 et
257 1857 369 1927 edidici,
384 1859 453 1934 quid
466 1858 574 1935 perfida
588 1859 675 1933 Troja
687 1865 809 1933 pararet.

65 1936 171 1992 Omnia
184 1939 338 2012 cognoram
349 1961 356 2005 ;
377 1957 439 2006 nec,
454 1938 531 2013 quod
544 1937 713 2013 specularer,
726 1936 887 1995 habebam:

65 2013 105 2070 Et
118 2019 178 2090 jam
191 2015 335 2091 praemissis
348 2026 478 2091 poteram
492 2035 558 2073 cum
570 2015 656 2073 laude
667 2015 779 2072 reverti.

64 2093 154 2149 Haud
165 2103 318 2150 contentus
331 2097 374 2162 ed,
388 2094 458 2169 petii
471 2094 594 2151 tentoria
605 2093 702 2161 Rhesi,

63 2171 155 2246 Inque
166 2171 223 2228 suis
236 2171 328 2246 ipsum
341 2171 441 2229 castris
454 2172 629 2247 comitesque
642 2172 766 2248 peremi:
857 2173 918 2229 250

64 2251 164 2325 Atque
178 2249 218 2306 ita
229 2250 351 2325 captivo,
366 2250 456 2308 victor
466 2250 596 2328 votisque
608 2251 725 2327 potitus,

64 2328 212 2404 lngredior
225 2347 308 2386 cmru
320 2330 401 2388 laetos
414 2329 545 2388 imitante
559 2330 726 2408 triumphos.

64 2409 155 2485 Cujus
165 2428 253 2485 equos
265 2409 387 2485 pretium
400 2428 451 2486 pro
465 2421 552 2468 nocte
562 2420 732 2488 poposcerat
745 2410 844 2479 hostis,

64 2489 156 2547 Arma
167 2500 271 2565 negate
282 2489 368 2558 mihi;
383 2489 525 2566 fueritque
539 2490 687 2566 benignior
700 2491 788 2566 Ajax.

105 2567 183 2632 Quid
196 2569 279 2646 Lycii
292 2570 412 2629 referam
430 2569 601 2645 Sarpedonis
613 2568 728 2645 agmina
737 2568 811 2627 ferro

63 2647 222 2704 Devastata
235 2649 323 2705 meo?
342 2669 410 2708 cum
424 2650 516 2707 multo
528 2648 665 2726 sanguine
674 2647 735 2704 fudi

62 2727 214 2796 Coeranon,
230 2726 421 2805 Hiptpasiden,
435 2728 634 2804 Alastoraque,
650 2725 882 2802 Chromiumque,

38 2802 299 2888 Alcandrumque,
317 2808 510 2890 Haliumque,
528 2807 749 2883 Noemonaque,
766 2806 918 2881 Prymn-

109 2903 178 2959 que,

78 3010 230 3050 A
