1912 3082
196 125 274 175 trs.v
289 127 350 176 xv.
370 127 451 177 sse.
470 128 526 175 111.
732 122 799 187 14⁹3,

18 259 130 339 quoque
143 260 256 319 assiduo
270 263 406 320 labuntur
419 273 547 338 tempora
557 272 637 321 motu
669 268 672 272 '
733 265 790 322 179

18 359 98 397 secus
108 359 143 398 ac
151 341 268 398 flumen.
307 342 409 416 Neque
420 342 495 398 enim
506 341 660 398 consistere
669 340 786 411 flumen,

18 419 83 476 levis
94 419 163 475 hora
174 429 286 494 potest:
307 420 358 477 sed
370 430 402 476 ut
416 421 492 476 unda
505 419 659 495 impellitur
671 423 758 492 unda,

18 509 119 573 turque
132 498 207 573 prior
220 497 361 566 veniente,
376 509 516 574 urgetque
529 497 670 573 priorem3

18 595 80 651 ¹rora
93 576 134 632 sie
145 575 258 650 fugiunt
272 576 383 651 pariter,
397 577 558 652 pariterque
572 587 737 652 sequuntur,

18 673 60 710 »va
70 664 136 710 sunt
145 673 264 730 semper.
286 655 726 731 Namquodfuitante,relictum
734 666 788 726 est,

18 752 48 801 re,
72 732 148 808 quod
168 733 245 789 haud
263 732 365 801 fuerat,
390 744 591 810 momentaque
612 740 718 792 cuncta
737 753 789 792 no·

18 812 38 867 is
52 822 81 868 et
96 830 218 868 emersas
232 811 260 867 in
271 812 365 868 lucem
379 812 496 870 tendere
510 816 620 880 noctes,
659 815 781 888 [vantur

18 892 73 946 ¹bar
85 891 141 947 hoc
155 889 276 946 nitidum
290 891 376 965 nigrae
391 891 545 948 succedere
558 891 648 948 nocti.

18 969 94 1025 color
108 978 152 1024 est
165 968 240 1025 idem
255 969 338 1036 coelo,
353 968 421 1024 edm
434 969 509 1026 lassa
522 969 618 1044 quiete

18 1058 52 1104 :ta
63 1051 160 1123 jacent
174 1047 413 1121 medaeamque
427 1048 493 1104 albo
508 1046 624 1103 Lucifer
637 1047 697 1105 exit

18 1145 39 1181 rs
53 1144 143 1200 equo:
163 1143 331 1200 rursumque
345 1125 426 1194 alius,
441 1126 507 1182 edm
522 1125 625 1200 praevia
638 1125 696 1183 luci
732 1126 788 1184 190

18 1204 121 1260 endum
133 1204 243 1260 Phoebo
258 1204 412 1260 Pallantias
426 1204 516 1261 inficit
529 1205 638 1261 orbem.

18 1282 75 1340 Dei
86 1283 213 1358 clypeus,
228 1283 303 1339 terra
316 1283 382 1339 edm
396 1282 506 1341 tollitur
519 1282 585 1352 ima,

18 1380 28 1418 a
42 1362 134 1429 rubet,
149 1362 278 1436 terraque
291 1363 376 1418 rubet
390 1362 456 1419 curn
471 1362 604 1419 conditur
616 1360 690 1429 imdr

18 1439 86 1496 lidus
97 1439 126 1494 in
141 1458 251 1496 summo
266 1450 320 1496 est.
360 1440 466 1498 Melior
479 1450 581 1498 natura
594 1439 672 1516 qudd
686 1439 746 1499 illle

18 1517 65 1574 eris
79 1528 131 1584 est,
151 1528 288 1594 terraeque
299 1520 399 1593 procul
412 1519 546 1594 contagia
558 1519 639 1575 vitat.

17 1615 68 1672 par
81 1607 132 1653 aut
145 1597 245 1653 eadem
259 1607 406 1653 nocturnae
419 1597 510 1653 forma
523 1596 626 1652 Dianae

26 1685 121 1750 potest
134 1693 276 1749 unquam3
296 1693 463 1749 semperque
477 1673 613 1730 hodierna
623 1683 770 1749 sequente,

18 1754 96 1821 escit,
110 1754 201 1809 minor
215 1764 275 1819 est;
296 1756 394 1828 major,
409 1753 432 1807 si
444 1751 585 1808 contrahit
599 1752 707 1808 orber'n.

28 1832 41 1886 ?
62 1850 119 1887 non
133 1833 162 1887 in
177 1832 286 1906 species
300 1830 454 1886 succedere
468 1840 590 1905 quatuor
603 1847 710 1887 annum

18 1910 83 1977 vicis,
99 1910 189 1966 aetatis
203 1920 386 1985 peragentem
401 1907 559 1965 imitamina
571 1907 698 1965 nostrie?
732 1909 805 1966 20⁰¹

31 1999 119 2055 tener,
132 1998 161 2045 et
176 1989 293 2055 lactens,
308 1987 444 2062 puerique
458 1986 617 2044 simillimus
629 2004 690 2044 aevo

29 2085 104 2122 novo
118 2078 171 2123 est.
212 2067 295 2122 Tunc
307 2067 396 2122 herba
409 2066 512 2133 nitens,
527 2076 558 2122 et
567 2065 676 2123 roboris
690 2083 798 2143 expers

18 2156 58 2212 et,
74 2155 103 2201 et
113 2145 233 2202 insolida
246 2155 298 2208 est,
313 2155 343 2201 et
357 2163 407 2220 spe
415 2144 544 2202 delectat
558 2155 708 2221 agrestem.

21 2224 47 2280 ia
58 2235 119 2280 tum
133 2226 253 2288 florent;
272 2223 430 2298 florumque
445 2223 588 2281 coloribus
599 2223 692 2281 almus

18 2313 30 2358 t
44 2321 129 2376 ager:
149 2321 242 2377 neque
256 2301 349 2358 adhuc
362 2303 450 2358 virtus
463 2302 493 2357 in
506 2302 654 2359 frondibus
669 2301 728 2359 ulla
739 2311 793 2360 est.

20 2381 56 2437 sit
70 2381 99 2436 in
110 2381 261 2446 AEstatem,
276 2390 341 2455 post
355 2380 421 2449 Ver,
433 2380 577 2438 robustior
591 2381 703 2448 Annus,
761 2400 769 2431 f
792 2448 796 2455 ι

18 2479 44 2516 re
58 2460 154 2516 valens
166 2458 295 2535 Juvenis:
316 2477 408 2533 neque
423 2458 499 2514 enim
512 2456 654 2513 robustior
667 2467 736 2513 aetas

30 2557 84 2594 nec
96 2539 216 2605 uberior,
231 2556 294 2605 nec,
309 2556 372 2611 quae
385 2535 476 2609 magis
490 2543 599 2602 aestuet‚
614 2533 673 2591 ulla
686 2544 739 2593 est.

17 2616 59 2691 pit
74 2617 248 2684 Autumnus,
260 2615 353 2688 posito
366 2614 475 2671 fervore
487 2616 614 2690 juventae

18 2713 84 2763 uus,
99 2695 239 2769 mitisque,
253 2693 328 2750 inter
338 2695 529 2768 juvenemque
539 2708 694 2767 senemque
734 2690 807 2746 eluz

18 2773 96 2845 perie
108 2773 224 2838 medius,
240 2771 346 2847 sparsis
359 2790 412 2848 per
425 2782 564 2850 tempora
571 2770 667 2834 canis.

18 2849 114 2904 senilis
126 2850 232 2907 Hiems
247 2852 377 2911 tremulo
390 2853 479 2918 venit
489 2851 744 2932 barrideum
787 2861 790 2865 ’

340 2937 401 2994 us
