1912 3082
73 134 127 189 126
376 136 627 186 METAMORPH·

70 272 176 330 Deficit
188 290 242 340 ars,
256 271 399 348 animique
413 274 536 331 cadunt:
557 272 732 347 totidemque
744 271 886 340 videntur,
940 325 941 328 ,

69 353 147 415 Quot
160 351 276 408 veniant
288 352 402 421 fluctus,
416 371 496 409 ruere
511 363 595 426 atque
610 351 763 425 irrumpere
776 361 891 409 mortes.

69 428 136 486 Non
150 434 243 487 tenet¹
258 431 306 487 hic
315 430 468 508 lacrymas:
483 441 578 506 stupet
585 430 645 486 hic:
659 441 743 486 vocat
753 429 802 488 ille
810 431 914 497 beatos

69 507 181 567 Funera
194 528 265 585 quos
278 519 429 566 maneant:
443 509 489 565 hic
502 509 576 566 votis
590 526 695 565 numen
709 508 818 576 adorat,
860 508 915 565 540

69 587 246 663 Brachioque
259 588 296 644 ad
309 588 421 654 coelum,
436 588 512 662 quod
526 605 584 643 non
597 587 683 654 videt,
697 585 775 644 irrita
789 581 892 645 tolle'ns

69 666 167 723 Poscit
181 685 282 741 opem:
303 667 446 723 subeunt²
458 666 497 721 illi
510 665 666 740 fratresque
677 680 854 741 parensque3

69 745 149 802 Huic
165 763 230 800 cum
244 744 430 819 pignoribus³
450 745 559 811 domus,
580 755 610 800 et
624 744 701 819 quod
714 743 818 819 cuique
838 742 914 801 relio-

69 823 220 899 Halcyone
236 824 332 898 Ceyca
345 833 458 890 movet;
480 821 582 898 Ceycis
596 822 626 878 in
640 840 688 879 ore
774 825 855 896 [tum
865 832 925 881 en.-

69 899 157 958 Nulla
168 901 221 958 nisi
236 900 387 976 Halcyone
401 912 461 968 est3
482 911 520 968 et,
536 900 602 958 crim
616 900 759 958 desideret
773 919 869 970 unam,

69 981 187 1037 (laudet
200 982 300 1037 abesse
314 991 420 1037 tamen.
462 979 563 1037 Patriae
577 978 690 1055 quoque
704 979 792 1036 vellet
804 980 842 1036 ad
855 996 915 1037 om

69 1058 233 1134 Respicere,
248 1059 333 1134 inque
347 1058 464 1114 domum
478 1076 624 1133 supremos
639 1068 746 1115 vertere
758 1057 872 1127 vultus;

68 1137 187 1206 Verum,
202 1138 311 1205 ubisit,
326 1137 425 1194 nescit.
467 1137 560 1194 Tanti
573 1135 710 1211 vertigine
722 1146 828 1211 pontus

69 1216 179 1283 Fervet,
195 1228 233 1283 et,
249 1216 366 1273 inducta
378 1215 466 1291 piceis
480 1235 497 1274 e
510 1215 634 1273 nubibus
648 1215 757 1282 umbra,
955 1247 956 1250 =

70 1294 164 1350 Omne
178 1294 249 1350 latet
263 1293 376 1361 coelum,
389 1293 589 1369 duplicataque
601 1293 693 1349 noctis
707 1292 802 1368 imago
814 1296 889 1351 αθ.
950 1261 956 1358 i

69 1371 218 1446 Frangitur
232 1372 345 1428 incursu
360 1371 481 1429 nimbosi
496 1372 616 1428 turbinis
629 1372 730 1438 arbos3
858 1372 923 1429 651·
945 1406 948 1437 :

69 1448 217 1525 Frangitur
230 1460 259 1507 et
273 1449 436 1524 regimen⁶z
457 1450 609 1527 spoliisque
618 1450 746 1507 animosa
755 1461 925 1526 superstans·

69 1528 162 1596 Unda,
177 1528 256 1585 velut
268 1528 377 1596 victrix,
392 1529 517 1586 sinuatas
527 1529 648 1604 despicit
659 1528 759 1585 undas.

68 1607 131 1665 Nec
143 1606 233 1664 levitis
247 1607 331 1683 quiam
342 1607 364 1664 si
380 1608 441 1684 quis
458 1608 556 1664 Athon
572 1607 729 1664 Pindumve
739 1607 867 1666 revulsos

69 1687 143 1743 Sede
155 1688 207 1744 sua
219 1697 295 1744 totos
309 1686 338 1742 in
348 1698 477 1763 apertum
490 1686 621 1744 everterit
634 1704 738 1760 aequor,

68 1766 248 1842 Praecipitata
257 1766 330 1832 ruit;
348 1767 508 1842 pariterque
521 1775 552 1822 et
562 1765 687 1841 pondere
701 1775 731 1821 et
742 1764 803 1822 ictu

69 1843 177 1920 Mergit
191 1845 220 1900 in
234 1845 291 1901 ima
303 1855 412 1902 ratem:
434 1865 499 1903 cum
514 1846 570 1920 quai
582 1863 646 1920 pars
660 1862 765 1918 magna
777 1842 899 1901 virorum
944 1864 950 1907 r

69 1922 191 1998 Gurgite
205 1942 301 1999 pressa
314 1923 400 1999 gravi,
413 1943 505 2003 neque
518 1923 547 1979 in
559 1926 625 1980 ae'ra
634 1921 753 1990 reddita,
767 1922 828 1979 fato

69 1999 180 2058 Functa
191 2020 242 2057 suo
256 2012 310 2058 est.
350 2001 409 2056 Alii
419 2012 514 2077 partes
527 2012 557 2058 et
570 2003 698 2058 membra
711 2000 815 2057 carinae

69 2079 184 2135 Trunca
192 2089 299 2135 tenent.
329 2078 422 2136 Tenet
431 2079 491 2154 ipse
502 2099 597 2147 manu,
607 2081 784 2155 quisceptra
797 2079 927 2147 solebat,-

68 2156 218 2230 Fragmina
232 2156 334 2230 navigii
344 2157 442 2231 Ceyx:
457 2176 642 2233 socerumque
655 2167 823 2233 patremque
858 2158 913 2215 sol

68 2235 195 2302 Invocat,
210 2233 284 2292 heu!
306 2233 417 2290 frustra.
460 2235 517 2292 Sed
530 2236 669 2311 plurima⁰
683 2235 777 2292 nantis
791 2237 881 2294 inore

70 2312 223 2388 Halcyone
236 2315 351 2388 conjux.
391 2312 474 2369 lllam
488 2314 672 2390 meminitque
684 2313 843 2390 refertque3

69 2391 149 2448 Illius
163 2402 229 2448 ante
243 2391 342 2449 oculos
355 2401 388 2448 ut
401 2402 488 2467 agant
502 2411 554 2449 sua
567 2411 684 2468 corpora
698 2392 812 2461 fluctus,

68 2471 175 2547 Optat;
194 2482 224 2528 et
238 2470 374 2528 exanimis
388 2471 519 2529 manibus
533 2471 688 2529 tumuletur
702 2471 810 2528 suricis.
837 2494 841 2501 ·

99 2627 106 2655 ¹
119 2630 173 2675 Non
184 2635 250 2683 tenet,
262 2627 318 2674 does
329 2637 371 2675 not
388 2644 478 2688 repress
515 2629 641 2681 'Suberat
659 2645 727 2677 recur
743 2639 768 2677 to
784 2631 823 2677 his
837 2627 914 2677 mind.

67 2688 231 2749 'Egnatium
243 2690 345 2750 pledges,
356 2694 372 2737 i.
384 2707 403 2738 e.
412 2693 448 2738 his
459 2692 572 2739 children.
608 2692 705 2754 ‘Imago
716 2697 789 2741 noctis
797 2696 915 2754 duplicas

58 2760 98 2805 est,
112 2753 156 2797 the
164 2751 228 2799 sarm
239 2752 270 2798 ol'
276 2752 346 2813 night
354 2768 401 2800 was
412 2754 520 2807 doubled,
531 2756 548 2801 i·
559 2771 579 2801 e.
590 2755 630 2800 the
645 2754 759 2802 darkness
769 2771 819 2801 was
829 2754 916 2802 double

47 2813 103 2857 that
114 2815 151 2860 of
158 2831 190 2862 an
202 2816 322 2879 ordinary
333 2818 414 2882 night.
446 2819 592 2880 ⁸chimeu.
606 2817 757 2863 therudder.
783 2817 921 2868 *Pinum

36 2884 95 2932 very
103 2881 183 2926 mrrch
189 2899 202 2939 ,·
223 2898 281 2946 very
293 2884 372 2932 osten.

76 3016 119 3045 A*
199 3018 223 3046 ἱ.
367 2992 446 3046 Υ..-..
