1912 3082
41 109 46 157 t
342 110 471 163 ala-v.
489 114 571 163 raa.
590 112 615 163 1.
874 110 912 163 97

67 240 184 312 Sternit:
204 254 235 303 et
248 245 409 305 adstructos
422 249 593 306 morientum
608 247 700 305 calcat
714 244 838 306 acervos.

12 342 25 393 p
66 320 120 383 Nee
133 324 263 382 Phineus
276 344 362 384 ausus
373 345 540 385 concurrere
552 328 681 384 cominus
694 328 778 395 hosti,

65 400 206 480 intorquet
216 404 362 481 jaculum
382 406 459 481 quod
472 406 574 463 detulit
588 425 665 462 error
678 405 706 461 in
720 407 801 474 Idan,
872 410 911 463 90

64 478 214 559 Expertem
228 483 332 541 flustra
345 484 422 553 belli,
437 495 467 542 et
480 495 580 543 neutra
594 503 672 541 arma
686 496 825 542 secutum.

63 558 109 618 Ille
122 572 209 619 tuens
223 563 314 619 oculis
327 563 464 621 immitem
482 563 589 620 Phinea
603 563 697 632 torvis,

64 639 297 717 Quandoquidem
309 642 338 698 in
352 653 455 718 partes,
467 642 515 710 ait,
525 643 658 710 attrahor,
670 642 777 719 accipe,
790 643 910 711 Phineu,

63 718 149 782 Quem
162 720 259 778 fecisti
270 722 399 788 hostem;
418 740 562 797 pensaque
575 722 631 778 hoc
643 722 758 779 vulnere
772 723 883 779 vulnus.

61 796 178 875 Jamque
191 799 360 857 remissurus
373 811 496 857 tractum
509 801 547 857 de
561 819 677 876 corpore
688 802 777 858 telum

62 874 203 953 Sanguine
216 879 346 937 defectos
359 880 463 936 cecidit
478 879 620 954 collapsus
633 880 661 935 in
674 892 761 937 artua.

95 956 155 1014 Hic
166 957 283 1033 quoque
295 959 462 1035 Cephenum
475 968 540 1034 post
556 958 664 1033 Regem
678 958 784 1033 primus
800 959 902 1017 Odites

20 1069 31 1110 .ἕ
60 1032 133 1093 Ense
144 1040 226 1113 jacet
238 1037 385 1113 Clymeni;
406 1038 562 1095 Protenora
581 1037 702 1111 perculit
717 1038 870 1112 Hypseus,

59 1112 179 1192 Hypsea
190 1114 344 1192 Lyncides.
385 1116 451 1173 Fuit
467 1126 498 1173 et
511 1116 676 1191 grandaevus
691 1115 720 1170 in
734 1115 788 1171 illis

17 1264 22 1273 Ι
59 1192 222 1262 Emathion,
236 1194 308 1271 aequi
323 1195 424 1263 cultor,
439 1194 610 1269 timidusque
624 1195 770 1261 Deorum;
856 1196 911 1250 100

58 1272 150 1337 Quem
162 1273 298 1349 quoniam
311 1274 463 1349 prohibent
476 1274 543 1330 anni
556 1274 671 1342 bellare,
687 1274 829 1349 loquendo

59 1350 181 1427 Pugnat,
203 1362 234 1410 et
245 1352 368 1420 incessit,
383 1353 575 1427 scelerataque
589 1353 709 1410 devovet
723 1372 810 1410 arma.

59 1428 137 1487 Huic
151 1431 284 1489 Chromis
297 1432 429 1508 amplexo
440 1432 568 1488 tremulis
578 1431 676 1488 altaria
688 1432 788 1507 palmis

59 1506 190 1567 Demetit
203 1529 272 1567 ense
285 1521 388 1587 caput;
408 1511 484 1586 quod
498 1510 626 1586 protinus
640 1510 739 1566 incidit
752 1530 815 1577 arae,

60 1588 157 1665 Atque
170 1588 212 1646 ibi
224 1589 370 1647 semanimi
384 1590 471 1646 verba
485 1588 661 1645 exsecrantia
672 1589 769 1663 linguai

61 1664 168 1737 Edidit,
183 1678 214 1725 et
223 1669 334 1725 medios
347 1668 471 1726 animam
485 1666 636 1743 exspiravit
647 1667 676 1721 in
690 1667 779 1741 ignes.

61 1744 138 1804 Hinc
152 1746 259 1823 gemini
270 1747 379 1815 fratres,
395 1747 570 1821 Broteasque
581 1756 611 1803 et
626 1746 757 1803 caestibus
773 1747 896 1802 Ammon

61 1824 171 1893 lnvicti,
183 1825 258 1882 vinci
272 1826 421 1902 sipossent
433 1825 566 1883 caestibus
579 1843 670 1893 enses,

62 1902 170 1961 Phinea
182 1904 313 1963 cecidere
326 1924 430 1962 manua
452 1904 617 1980 Cererisque
632 1904 763 1961 sacerdos

62 1982 221 2060 Ampycus,
233 1984 340 2042 albenti
353 1984 463 2041 velatus
477 1994 605 2059 tempora
618 1983 697 2040 vitta.
856 1984 911 2037 110

18 2119 21 2130 ,
61 2058 103 2120 Tu
116 2062 243 2139 quoque,
258 2063 396 2139 Iapetide,
411 2082 468 2119 non
481 2063 534 2119 hos
548 2061 726 2119 adhibendus
739 2061 768 2117 in
783 2081 859 2127 usus,

15 2153 30 2198 r
62 2139 116 2199 Sed
126 2142 187 2218 qui,
201 2142 281 2219 pacis
293 2160 374 2218 opus,
390 2141 526 2199 citharam
540 2160 607 2198 cum
621 2141 708 2197 voce¹
721 2160 856 2207 moveres,

60 2220 161 2278 Jussus
174 2239 239 2278 eras
252 2221 396 2278 celebrare
410 2221 507 2295 dapes,
521 2220 681 2294 festumque
695 2221 832 2276 cauendo.

26 2301 29 2319 ²
62 2298 111 2356 Cui
123 2300 228 2376 procul
242 2299 374 2366 adstanti,
386 2299 582 2375 plectrumque
595 2298 709 2355 imbelle
723 2298 841 2365 tenenti,

28 2406 32 2416 ·
61 2374 198 2446 Pettalus,
210 2378 336 2446 irridens,
353 2377 459 2454 Stygiis
473 2397 543 2435 cane
556 2388 668 2444 caetera,
683 2376 764 2445 dixit,

21 2454 24 2459 ’
61 2452 214 2526 Maribam
232 2466 264 2517 et
277 2457 347 2513 laevo
360 2475 525 2514 mucronem
539 2467 667 2532 ternpore
680 2455 751 2529 figit.

61 2534 201 2604 Concidit,
216 2546 248 2594 et
260 2535 356 2612 digitis
369 2534 555 2592 morientibus
569 2535 615 2591 ille
629 2544 753 2591 retentat

60 2610 116 2674 hile
127 2614 217 2693 lyraez'
236 2633 361 2690 casuque
374 2613 451 2672 canit
462 2613 621 2671 miserabile
635 2631 757 2669 carmen.
914 2687 917 2691 ‚

22 2795 28 2821 ι
85 2772 94 2803 ¹
105 2776 227 2825 atheram
237 2789 288 2820 cunr
298 2788 355 2827 noce,
370 2772 408 2820 the
418 2773 479 2835 hsrp
491 2773 548 2824 with
560 2774 603 2840 thy
615 2773 704 2835 voice,
715 2769 870 2829 thshnrp'm
877 2781 939 2813 εω-

54 2838 109 2881 cord
117 2837 174 2879 virli
182 2835 225 2893 eh*
235 2835 305 2880 votes.
450 2901 465 2962 Ι
