1912 3082
77 125 116 180 24
370 130 607 178 METAMORPH

76 267 176 329 Quove
190 261 227 322 sit
240 273 376 334 armento,
391 265 448 322 veri
462 265 541 342 quasi
555 264 658 333 nescia,
672 264 780 341 quaerit.

75 344 189 419 Jupiter
202 361 218 400 e
233 343 306 401 terra
319 344 443 419 genitam
458 344 601 413 mentitur,
615 354 648 400 ut
661 355 761 401 auctor
774 348 780 379 ¹
846 356 848 362 '

77 422 199 479 Desinat
212 421 312 497 inquiri
323 442 331 478 r
351 423 423 498 petit
436 423 510 480 hanc
525 422 657 479 Saturnia
669 441 781 479 munus.

77 500 154 564 Quid
167 500 278 557 faciat?
297 500 420 568 crudele,
435 519 500 558 suos
513 500 644 558 addicere
658 519 784 566 amores;

77 579 144 636 Non
159 579 234 647 dare,
249 589 420 654 suspectum.
461 578 557 635 Pudor
570 590 622 647 est,
636 579 684 654 qui
699 579 816 636 suadeat
831 578 918 647 illinc,

78 658 156 714 Hinc
169 657 314 714 dissuadet
326 676 421 723 amon
439 657 531 714 victus
544 657 636 733 pudor
648 667 723 714 esset
736 675 851 714 amore:

79 736 144 804 Sed,
160 736 221 792 leve
235 735 258 792 si
271 754 374 792 munus
388 736 491 792 socioe²
503 735 668 812 generisque
681 735 792 812 torique
872 737 933 791 620

78 814 175 871 Va'cca
188 824 345 888 negaretur,
360 824 471 889 poterat
484 833 541 870 non
555 833 642 871 vacca
654 813 751 871 videri.

78 893 184 950 Pelliee
198 893 310 960 donata,
325 911 382 948 non
394 892 522 968 protinus
536 893 615 950 exuit
628 911 742 949 omnem

78 971 153 1028 Diva
167 981 291 1037 metum3
311 970 460 1047 timuitque
474 971 493 1028 J
494 990 585 1038 ovem,
598 981 628 1028 et
640 970 695 1027 fuit
708 970 792 1028 anxia
804 970 872 1027 furti
880 971 901 1039 ³,

78 1050 181 1106 Donec
197 1049 361 1108 Aristoridae
375 1050 539 1107 servandam
554 1049 668 1106 tradidit
683 1050 771 1124 Argo.

120 1129 243 1186 Centum
257 1128 411 1185 luminibus
424 1128 549 1185 cinctum
564 1137 650 1202 caput
664 1128 760 1202 Argus
773 1127 909 1184 habebat.

78 1207 150 1263 Inde
164 1207 221 1264 suis
234 1205 343 1263 vicibus
357 1207 508 1282 capiebant
522 1206 589 1263 bina
602 1205 745 1280 quietemz

80 1286 190 1342 Caetera
203 1285 360 1351 servabant,
374 1294 460 1361 atque
474 1284 502 1340 in
517 1283 661 1341 statione⁴
673 1285 836 1340 manebant.

80 1362 252 1421 Constiterat
266 1361 435 1438 quocunque
448 1362 543 1431 modo,
557 1363 706 1438 spectabat
718 1361 755 1418 ad
769 1362 821 1418 Io:

79 1442 158 1498 Ante
172 1441 270 1497 oculos
284 1441 325 1508 Io,
340 1441 467 1516 quamvis
481 1459 602 1509 aversus,
616 1440 749 1497 babebat.

80 1519 159 1576 Luce
173 1518 239 1575 sinit
251 1519 348 1594 pasci:
368 1519 434 1576 edm
450 1520 490 1577 sol
505 1519 606 1577 tellure
620 1518 673 1576 sub
687 1517 746 1576 alta
758 1529 810 1588 est,
872 1521 933 1574 630

80 1597 204 1666 Claudit,
218 1608 247 1654 et
261 1596 376 1675 indigno
390 1597 547 1656 circumdat
560 1596 673 1654 vincula
686 1595 770 1654 collo.

79 1676 237 1733 Frondibus
250 1677 383 1746 arbuteis,
398 1688 428 1735 et
441 1678 536 1734 amarit
548 1676 673 1753 pascitur
685 1675 792 1741 herbam

79 1755 190 1830 Proque
204 1766 275 1824 toro,
288 1766 369 1813 terrae
382 1774 439 1813 non
453 1774 564 1832 semper
576 1773 691 1831 gramen
704 1754 820 1811 habenti
922 1800 924 1807 .

79 1832 202 1890 Incubet
215 1833 321 1903 infelix,
336 1834 490 1911 limosaque
503 1835 620 1891 flumina
632 1843 723 1909 potat.

80 1911 133 1968 Illa
146 1912 232 1969 etiam
246 1913 374 1988 supplex,
390 1915 469 1989 Argo
483 1913 549 1970 edm
562 1911 678 1970 brachia
690 1909 776 1968 vellet

80 1988 219 2058 Tendere,
233 2010 290 2047 non
303 1991 404 2048 babuit
417 2010 480 2067 quae
492 1991 608 2049 brachia
621 1991 750 2048 tenderet
764 1990 844 2066 Argo
855 2012 863 2057 ;

79 2068 247 2143 Conatoque
261 2069 338 2143 queri
352 2069 477 2144 mugitus
490 2069 579 2127 edidit
592 2088 659 2135 ore3

80 2145 284 2221 Pertimuitque
298 2165 390 2216 sonos,
404 2146 571 2223 propriaque
585 2147 718 2204 exterrita
730 2165 801 2204 voce
814 2157 867 2204 est.

79 2223 166 2281 Venit
180 2235 209 2281 et
222 2225 259 2282 ad
272 2224 363 2300 ripas,
384 2225 431 2282 ubi
446 2225 543 2283 ludere
556 2243 631 2300 saepe
644 2225 762 2294 solebat,

81 2302 230 2360 Inachidas
242 2303 334 2378 ripas;
353 2323 482 2380 novaque
495 2313 528 2360 ut
541 2303 690 2379 conspexit
702 2303 731 2359 in
743 2305 821 2363 undd
871 2306 933 2361 640

80 2381 202 2449 Cornua,
215 2381 368 2456 pertimuit,
382 2401 468 2458 seque
481 2392 643 2440 exsternata
655 2381 766 2457 refugit.

78 2458 186 2516 Naides
199 2459 337 2536 ignorant,
352 2460 461 2535 ignorat
475 2471 505 2518 et
518 2460 641 2518 Inachus
653 2460 723 2536 ipse,

111 2615 118 2644 ¹
127 2617 223 2670 Auctor,
233 2616 273 2662 tbe
279 2631 365 2664 owner.
397 2618 490 2672 'divina
502 2626 527 2664 to
535 2619 574 2664 the
580 2616 728 2677 participant
760 2617 929 2682 'Auriosurta

78 2677 192 2737 asraidof
199 2678 265 2733 then,
279 2682 294 2726 i.
306 2697 325 2727 e.
342 2679 417 2727 afraid
428 2683 478 2726 that
486 2682 525 2728 the
535 2696 584 2728 cow
597 2680 676 2728 would
682 2683 712 2728 be
722 2681 797 2729 stolen
809 2682 870 2728 from
879 2681 929 2729 her.

74 2740 233 2798 ‘Instattbna
246 2757 279 2788 on
287 2743 366 2805 guard
371 2761 381 2801 ,·
393 2759 424 2790 on
436 2744 503 2806 duty.
