1912 3082
340 99 415 149 ΜΒ.
435 101 516 149 xffl.
536 101 616 148 ΕΑΒ.
638 101 662 147 Ι.
864 89 916 147 137

63 232 189 292 Sustulit
202 234 240 293 ad
252 253 392 312 proceres,
407 246 631 313 exspectatoque
643 235 757 295 resolvit

62 313 124 373 Ora
138 332 225 372 sono:
246 333 339 390 neque
348 317 431 372 abest
444 315 574 373 facundis
588 315 678 392 gratia
689 315 782 373 dictis.

104 393 136 451 Si
150 412 215 450 mea
228 412 294 451 cum
308 394 408 451 vestris
421 394 576 453 valuissent
586 406 662 463 vota,
677 394 798 470 Pelasgi,

62 472 131 531 Non
145 472 219 530 foret
232 473 383 549 ambiguus
398 473 470 531 tanti
484 474 645 532 certaminis
657 474 758 531 herese

63 551 167 628 Tuque
179 552 236 609 tuis
250 553 343 620 armis,
356 572 408 610 nos
419 563 449 610 te
458 563 630 630 poteremur,
645 552 772 610 Achille.
862 552 918 608 130

62 633 158 696 Quem
170 630 303 707 quoniam
318 651 375 688 non
389 652 470 708 aequa
484 633 552 689 mihi
565 632 703 709 vobisque
718 631 861 706 negdrunt

10 740 12 757 =
62 710 152 778 Fata;
170 729 314 787 manuque
325 711 408 768 simrd
422 711 510 769 veluti
523 711 709 789 lacrymantia
723 710 803 768 tersit

62 789 195 857 Lumina,
210 789 272 866 quis
285 809 389 866 magno
403 791 505 848 melida
518 792 654 849 succedat
667 790 783 859 Achilli,

63 868 158 934 Quam
171 887 224 944 per
237 887 322 944 quem
335 889 456 945 magnus
471 871 581 928 Danais
594 869 733 927 successit
745 867 897 927 Achilles?

64 948 143 1006 Huic
157 947 244 1004 modd
257 967 293 1005 ne
307 949 404 1025 prosit,
420 949 506 1025 qudd,
518 959 551 1006 ut
563 960 615 1016 est,
630 949 719 1006 hebes
731 967 793 1005 esse
805 947 917 1005 videtur

63 1026 145 1085 Neve
158 1026 227 1083 mihi
241 1038 352 1096 noceat,
367 1029 443 1104 quod
455 1028 536 1086 vobis
550 1045 670 1103 semper,
686 1027 798 1093 Achivi,

63 1106 175 1165 Profuit
184 1105 347 1182 ingenium
366 1126 486 1182 meaque
498 1107 560 1165 haec
572 1105 715 1170 facundia,
730 1104 753 1162 si
768 1113 888 1181 quaest,

63 1186 135 1251 Quae
148 1204 226 1242 nunc
239 1205 290 1261 pro
304 1186 428 1253 domiuo,
442 1206 494 1262 pro
505 1186 586 1244 vobis
600 1204 675 1262 saepe
688 1185 786 1242 locuta
797 1193 849 1253 est,

60 1263 173 1323 Invidia
186 1276 298 1323 carcat:
316 1266 392 1322 hona
406 1284 459 1323 nec
472 1285 524 1324 sua
534 1265 652 1343 quisque
664 1273 787 1323 recuset.

10 1414 12 1421 Ι
62 1342 138 1402 Nam
151 1363 252 1420 genus,
266 1355 296 1401 et
309 1364 436 1420 proavos,
449 1354 480 1403 et
492 1365 555 1423 quae
566 1365 624 1403 non
634 1344 753 1403 fecimus
767 1342 829 1420 ipsi,
857 1343 914 1399 tto

62 1423 120 1480 Vix
133 1442 169 1481 ea
182 1434 279 1481 nostra
291 1442 372 1481 voco.
414 1425 570 1493 Sedenim,
583 1424 649 1501 quia
661 1423 771 1482 rettulit
786 1424 864 1499 Ajax

62 1501 134 1561 Esse
144 1502 225 1560 Jovis
238 1521 388 1579 pronepos,
401 1504 490 1560 nostri
505 1504 618 1579 quoque
632 1501 775 1578 sanguinis
790 1511 890 1559 auctor

61 1581 175 1658 Jupiter
187 1592 241 1646 est,
254 1581 429 1658 totidemque
443 1582 547 1657 gradus
560 1582 698 1639 distamus
711 1581 748 1638 ab
761 1580 819 1637 illo.

62 1659 138 1719 Nam
151 1661 221 1718 mihi
235 1660 353 1718 Laertes
365 1672 446 1737 pater
460 1671 512 1728 est,
528 1661 664 1717 Arcesius
677 1659 727 1728 illi,

60 1740 175 1816 Jupiter
182 1741 263 1798 huic:
277 1759 370 1816 neque
379 1741 408 1796 in
416 1739 460 1796 his
468 1738 616 1815 quisquam
624 1738 776 1795 damnatus
782 1747 813 1795 et
822 1738 912 1795 exsul.

61 1818 114 1877 Est
129 1819 242 1896 quoque
255 1839 306 1896 per
319 1830 439 1877 matrem
454 1817 600 1895 Cyllenius
611 1816 708 1874 addita
720 1816 804 1875 nobis

61 1899 163 1957 Altera
176 1899 317 1957 nobilitas.
358 1899 439 1956 Deus
453 1909 496 1956 est
510 1898 540 1955 in
553 1907 673 1972 utroque
686 1905 813 1973 parente.

63 1978 119 2035 Sed
133 1997 226 2053 neque
238 1989 366 2036 materno
378 1977 528 2053 quodsum
541 1976 704 2054 generosior
718 1986 791 2044 ortu,

61 2056 124 2114 Nec
138 2057 207 2113 mihi
218 2057 294 2133 quod
306 2068 387 2133 pater
400 2069 444 2115 est
457 2057 572 2115 fraterni
585 2055 729 2134 sanguinis
742 2055 847 2125 insons,

61 2135 211 2212 Proposita
224 2155 301 2194 arma
316 2147 400 2212 peto:
420 2137 527 2194 meritis
541 2137 695 2213 expendite
709 2155 834 2194 causam.
855 2136 911 2191 150

60 2214 236 2284 Dummodo,
250 2215 328 2291 qudd
340 2215 440 2273 fratres
455 2215 593 2274 Telamon
607 2217 764 2292 Peleusque
776 2215 900 2283 fuerunt,

59 2294 159 2370 Ajacis
172 2294 305 2352 meritum
318 2313 377 2351 non
390 2295 443 2352 sit:
464 2314 518 2353 nec
531 2295 675 2371 sanguinis
688 2296 766 2365 ord0,

60 2372 117 2430 Sed
131 2373 243 2431 virtutis
254 2373 354 2442 honos,
368 2373 464 2449 spoliis
478 2385 618 2449 quaeratur
632 2374 743 2430 inistis.

58 2453 121 2509 Aut
135 2452 158 2510 si
169 2452 343 2529 proximitas,
357 2453 519 2529 primusque
532 2452 682 2528 requiritur
695 2451 785 2519 heres,

59 2531 113 2589 Est
123 2532 235 2607 genitor
249 2532 361 2600 Peleus,
375 2541 419 2589 est
432 2531 556 2608 Pyrrhus
570 2530 643 2587 iilius
656 2529 706 2599 illi,

57 2611 131 2675 Quis
144 2611 225 2668 locus
240 2610 343 2688 Ajaci?
358 2610 491 2669 Phthiam
506 2610 650 2686 Scyronve
663 2608 799 2668 ferantur.

59 2689 122 2748 Nec
136 2689 231 2747 minus
240 2700 285 2748 est
298 2690 353 2747 isto
369 2690 480 2749 Teucer
493 2688 634 2768 patruelis
651 2689 772 2749 sutrin.

52 2768 131 2823 Num
139 2768 218 2841 petit
225 2768 276 2825 ille
290 2770 414 2827 minen?
434 2791 509 2834 num
524 2783 641 2854 sperat,
653 2781 695 2831 ut
706 2769 830 2830 auferat
838 2758 947 2818 armu'l

77 2842 158 2916 Ergo
170 2861 292 2918 operum
309 2852 457 2925 quoniam
473 2856 599 2917 nudum
616 2844 955 2917 certarneuhxauetus*

460 2941 529 3000 rr3
