1912 3082
65 150 104 203 aa
327 194 330 198 .
360 118 614 202 'uursmonrm

65 288 202 364 Sertaque
215 288 377 366 dependent
391 288 492 356 tectis3
511 288 627 364 lotique,
639 287 771 364 lyrisque,

64 366 212 443 Tibiaque,
227 379 256 426 et
270 379 380 438 cantus,
392 368 478 426 animi
490 368 585 425 felicia
597 366 655 423 laeti
856 368 916 426 too

65 446 252 522 Argumenta,
265 458 375 505 sonant.
410 445 554 504 Reseratis
567 464 652 503 aurea
665 445 752 503 valvis

64 525 148 582 Atria
161 536 223 583 tota
235 536 342 603 patent,
356 525 530 601 pulchroque
541 525 679 582 instructa
691 534 792 600 paratu

66 603 193 680 Cepheni
206 623 336 680 proceres
349 605 449 662 ineunt
462 603 590 660 convivia
603 603 687 679 regis.

65 681 219 758 Postquam
231 683 321 759 epulis
331 682 422 740 functi
434 682 564 758 generosi
577 701 694 739 munere
708 681 816 741 Bacchi

65 760 213 818 Diffudere
227 761 352 818 animos:
373 761 522 837 cultusque
535 760 705 837 habitusque
718 760 848 819 locorum

64 841 172 902 Quaerit
182 839 376 908 Abantiades3
393 839 527 916 quaerenti
541 840 669 915 protinus
681 858 755 897 unus

64 916 168 975 Narrat
182 918 333 995 Lyncides,
349 936 506 995 moresque,
519 918 689 994 habitusque
701 919 835 977 virorum

64 998 136 1060 Quae
150 997 232 1054 simul
246 997 369 1067 edocuit,
386 999 481 1067 Nunc,
497 999 523 1055 0
535 996 694 1066 fortissime,
711 996 793 1066 dixit,

65 1073 144 1144 Fare,
158 1095 267 1152 precor,
282 1078 398 1145 Persen,
412 1077 519 1152 quanti
525 1077 636 1144 virtute,
649 1076 810 1152 quibusque

65 1154 184 1212 Artibus
198 1155 460 1213 abstuleris·crinita
473 1155 643 1213 draconibus
656 1172 714 1211 ora.

104 1234 206 1290 Narrat
222 1234 408 1308 Agenorides.
419 1233 513 1310 gelido
527 1235 580 1292 sub
595 1233 714 1291 Atlante
725 1235 871 1310 iacentem

64 1310 135 1368 Esse
148 1311 252 1379 locum,
267 1312 363 1369 solidae
375 1323 469 1369 tutum
482 1312 636 1370 munimine
649 1311 748 1369 molis:
854 1315 911 1371 771

64 1390 153 1465 Cujus
167 1390 196 1445 in
209 1390 326 1447 introitu
339 1391 465 1466 geminas
478 1390 621 1448 habitdase
635 1409 744 1449 sorores

64 1468 235 1544 Phorcydas,
249 1468 332 1525 unius
345 1469 462 1544 partitas
475 1468 604 1526 luminis¹
619 1487 721 1526 resume

64 1543 98 1603 Id
112 1565 141 1604 sc
156 1547 251 1604 solerti
264 1547 371 1616 furtim,
383 1548 452 1605 dum
467 1547 593 1616 traditur,
608 1558 672 1606 astu

64 1625 216 1702 supposita
227 1625 335 1703 cepisse
348 1645 452 1693 manu3
469 1645 575 1704 perque
586 1626 703 1684 abdita²
716 1627 812 1703 longe,

62 1704 217 1780 Deviaque,
230 1715 260 1762 et
273 1705 348 1764 silvis
359 1705 501 1763 horrentia
515 1723 583 1763 saxa
595 1705 713 1781 fragosis

63 1781 229 1858 Gorgoneas
242 1784 369 1860 tetigisse
383 1785 501 1851 domos3
519 1784 680 1861 passimque
693 1803 745 1861 per
755 1802 848 1860 agros,

65 1855 172 1936 Perque
185 1863 244 1919 vias
257 1863 359 1921 vidisse
372 1862 518 1920 hominum
532 1863 682 1920 simulacra
694 1863 881 1940 ferarumque,

64 1938 96 1995 in
108 1940 215 1998 silicem
229 1961 266 1998 ex
279 1941 346 2017 ipsis
358 1941 419 1999 visis
432 1960 566 1999 conversa
580 1941 721 1999 Medusdr
852 1944 917 2001 78⁰·

63 2017 100 2075 Se
114 2028 209 2076 tamen
220 2019 367 2076 horrendae
380 2019 482 2095 clypei,
495 2020 570 2094 quod
584 2020 654 2077 laeva
666 2022 794 2096 gerebat,

60 2095 130 2153 AEre
142 2115 306 2172 repercusso
319 2097 438 2154 formam
453 2097 615 2172 adspexisse
630 2098 778 2157 Medusae

60 2174 200 2249 Dumque,
204 2175 297 2250 gravis
307 2193 422 2233 somnus
431 2175 617 2252 colubrasque
627 2176 775 2254 ipsamque
782 2179 911 2250 tenebat,

60 2251 204 2328 Eripuisse
215 2263 301 2328 caput
314 2253 406 2321 collo;
424 2253 580 2331 pennisque
593 2253 726 2331 fugacem

60 2331 199 2406 Pegason,
214 2342 243 2389 et
256 2331 370 2390 fratrem
383 2332 481 2390 matris
493 2332 530 2390 de
544 2334 680 2410 sanguine
692 2345 784 2393 natos.

64 2409 181 2467 Addidit
195 2420 225 2468 et
238 2410 316 2486 longi
329 2429 387 2468 non
400 2411 470 2468 falsa
482 2411 608 2488 pericula
621 2415 737 2471 curabat

59 2490 131 2550 Quae
144 2487 224 2557 freta,
240 2509 309 2564 quas
324 2500 411 2547 terras
425 2491 478 2547 sub
493 2509 523 2547 se
537 2489 650 2548 vidisset
664 2491 781 2562 obsito,

61 2567 99 2622 Et
113 2586 175 2642 quae
186 2569 301 2643 jactatis
315 2567 454 2644 tetigisset
468 2568 560 2626 sidera
572 2569 683 2646 pennis.

61 2647 138 2703 Ante
152 2656 349 2723 exspectatum
363 2647 452 2706 tacrdt
464 2656 569 2705 tamen.
610 2647 725 2725 Excipit
739 2667 813 2708 unus

71 2817 82 2844 ¹
94 2824 176 2870 Um'us
185 2827 292 2885 lunar'ru'r,
306 2827 337 2876 oi
344 2843 392 2876 one
405 2827 486 2893 tigrim
504 2827 532 2875 oi
542 2841 587 2874 ons
598 2840 651 2886 eye.
679 2823 691 2852 2
706 2827 791 2872 Abdus
801 2825 886 2885 doux.
