1912 3082
186 158 260 207 Lis.
280 159 336 207 111.
356 159 437 208 FAB·
457 161 481 207 Ι.

24 314 42 354 e
57 293 135 352 colla
146 293 235 352 dabat
247 303 332 363 retro,
343 295 515 372 plagamque
526 295 639 354 sedere¹

24 393 42 431 o
57 375 185 443 arcebat,
199 393 253 432 nec
266 374 381 450 lougius
393 374 434 432 ire
448 375 579 433 sinebat:

27 452 207 528 Agenorides
221 456 383 530 conjectum
394 453 424 510 in
437 463 555 529 gutture
567 454 671 511 ferrum
727 458 767 512 9⁰

24 550 143 608 sequens
156 532 265 608 pressit,
281 532 349 589 dum
361 543 435 589 retro
449 551 571 607 quercus
585 535 685 592 eunti²

24 620 80 679 ,et
93 610 152 668 fixa
164 621 208 668 est
221 610 325 687 pariter
339 630 405 668 curn
419 613 521 669 robore
533 612 638 671 cervix.

24 708 38 746 e
53 689 192 764 serpentis
206 701 321 747 curvata
333 700 377 746 est
388 691 480 758 arbor,
495 700 524 747 et
538 690 603 748 imae

24 767 144 844 agellari
158 768 266 844 gemuit
279 787 332 826 sua
344 769 468 825 robora⁸
481 769 589 826 caudae.

24 873 27 903 r
41 846 166 922 spatium
180 845 270 904 victor
282 846 350 904 victi
362 846 523 904 considerat
535 847 641 915 hostis3
686 851 766 924 [turn

24 925 84 984 bitd
99 926 197 983 audita
210 936 271 984 est:
285 944 378 1001 neque
392 936 453 983 erat
466 944 639 1002 cognoscere
652 946 767 1005 promp-

34 1004 86 1062 sed
100 1004 198 1061 audita
211 1015 273 1072 est3
294 1004 380 1074 Quid,
394 1007 529 1080 Agenore
543 1016 619 1073 nate,
637 1025 766 1083 peremp-

24 1096 78 1141 :em
92 1083 229 1159 spectas?
249 1094 279 1141 et
293 1095 325 1140 tu
338 1087 505 1159 spectabere
517 1102 642 1160 serpens.
687 1086 767 1158 [tum

36 1162 165 1238 pavidus,
177 1161 282 1238 pariter
293 1181 359 1220 cunr
373 1172 470 1219 urente
484 1161 608 1218 colorem

24 1250 93 1307 erat3
112 1241 263 1316 gelidoque
277 1259 366 1297 comae
381 1250 485 1299 terrore
498 1239 630 1316 rigebant
641 1245 663 1297 ⁴.
710 1242 766 1299 100

24 1321 51 1377 iri
65 1320 179 1387 fautrix,
194 1313 310 1395 superas
324 1319 440 1395 delapsa
452 1337 504 1395 per
515 1337 606 1388 auras,

24 1398 117 1456 adest:
137 1409 277 1473 motaeque
288 1398 371 1473 jubet
387 1416 546 1474 supponere
560 1402 662 1457 terrae⁸

24 1495 46 1534 »s
60 1476 169 1546 dentes,
181 1475 278 1553 populi
292 1476 467 1534 incrementa
479 1475 577 1534 futuri.

31 1565 69 1625 et,
80 1566 117 1626 ,ut
130 1574 227 1633 presso
241 1556 352 1613 sulcum
366 1555 501 1631 patefecit
514 1565 616 1625 aratro,

36 1633 115 1691 humi
128 1639 232 1711 jussos,
246 1631 379 1691 mortalia
391 1634 499 1692 semina
507 1638 528 1703 ⁶,
543 1635 653 1693 dentes.

24 1755 28 1779 ‚
44 1713 100 1770 fide
113 1717 205 1790 majus
213 1715 234 1783 l,
248 1713 340 1790 glebae
354 1714 467 1789 coepere
481 1714 586 1772 moveri
598 1737 607 1782 ς

25 1811 60 1848 ue
74 1791 111 1848 de
124 1792 210 1850 sulcis
223 1792 299 1850 acies
313 1792 443 1868 apparuit
456 1792 554 1850 hastae.

24 1889 50 1927 ra
64 1889 131 1926 mox
143 1871 268 1947 capitum
280 1873 292 1908 ⁸
303 1871 380 1947 picto
394 1872 525 1930 nutantia
538 1889 628 1937 cono;

24 1948 113 2017 imeri,
128 1961 293 2026 pectusque,
308 1959 480 2025 onerataque
493 1950 610 2008 brachia
623 1949 687 2007 telis

24 2041 70 2097 int,
85 2028 242 2104 crescitque
256 2047 337 2105 seges
352 2028 483 2104 clypeata
496 2029 618 2087 virorum
627 2033 647 2086 ⁹.
711 2029 767 2084 llo

24 2107 32 2164 i
46 2107 185 2165 tolluntur
194 2107 275 2166 festis
287 2107 377 2166 aulaea
388 2108 408 2144 ¹⁰
422 2106 547 2176 theatris,
685 2116 689 2123 '

24 2282 45 2321 e,
63 2265 127 2313 from
142 2265 240 2328 sinking
260 2265 327 2325 deep.
361 2265 460 2313 ¹Eantr'
478 2262 611 2328 (serpenti).
644 2263 711 2312 'Suo
729 2279 768 2310 ro·

24 2328 105 2374 uunk.
139 2327 278 2390 4Ιέιζιςιόαηε,
287 2331 384 2375 became
393 2329 457 2382 stiffi
469 2328 535 2374 stood
543 2328 646 2390 upright.
678 2326 769 2375 ‘Mora

26 2391 129 2451 lougbed
148 2393 222 2438 earth.
252 2391 382 2439 ‘Mortalia
405 2395 499 2444 sentino,
519 2391 605 2436 mortal
624 2389 706 2446 seeds;
728 2390 769 2434 tlrs

24 2474 33 2507 ¹,
43 2453 95 2498 first
105 2453 238 2512 principles,
247 2454 275 2500 ol
283 2468 346 2500 men.
381 2452 545 2516 'Mojusfida
557 2463 649 2513 greater
660 2453 716 2498 tlran
728 2453 769 2497 be·

24 2515 125 2562 :redible
156 2517 292 2576 'Tegmina
313 2519 422 2576 capitum,
451 2516 491 2560 the
512 2515 636 2576 coverings
656 2514 686 2559 of
708 2511 770 2559 their

25 2595 46 2626 e.
59 2578 165 2624 belmcts.
197 2578 326 2638 ’clypeata
338 2595 398 2638 reges
410 2581 517 2628 virorum.
535 2577 665 2623 ashielded
678 2589 733 2631 crop
744 2573 773 2618 of

28 2656 86 2699 crop
102 2641 130 2686 of
143 2640 249 2687 shielded
265 2655 327 2687 rnen.
359 2639 377 2668 ¹⁰
387 2643 472 2687 Auloea
488 2641 608 2690 tollonatr,
626 2639 666 2682 the
676 2646 769 2680 curtnn

58 2703 119 2750 This
134 2703 155 2750 is
170 2719 200 2748 an
217 2703 318 2748 allusion
330 2703 404 2749 rothe
418 2703 515 2749 Roman
526 2709 602 2764 stage.
638 2697 721 2748 lattbe
730 2698 782 2743 us»

28 2767 59 2812 of
69 2781 84 2810 a
91 2767 154 2822 play,
171 2767 211 2810 the
220 2774 318 2818 costam.
337 2777 362 2812 at
380 2770 462 2824 Rome,
481 2783 533 2816 was
543 2775 574 2816 to
582 2766 620 2814 let
631 2765 676 2813 tbe
691 2760 797 2811 curtdrn

24 2840 78 2871 nere
92 2827 192 2886 aulaas,
214 2827 266 2873 and
286 2836 312 2874 at
330 2832 372 2941 tlEsz
389 2833 443 2882 end
463 2841 493 2883 to
514 2832 585 2883 draus
604 2831 630 2883 'a
648 2847 688 2897 up
709 2826 811 2890 (tuum
