1912 3082
290 108 364 160 unt.
382 110 434 159 IV.
456 110 537 159 ΜΒ.
557 111 641 161 xm.
851 110 890 164 8³

144 324 587 387 [nominassem
629 345 773 386 snn.xrr.

69 486 219 544 Srnonrrn
232 483 360 553 comites,
374 495 513 561 quantum
527 485 642 544 reluere
652 487 669 554 ¹,
684 496 790 544 secute

29 565 119 643 Signa
132 565 251 643 pedum,
264 564 357 641 primo
369 564 467 623 vidire
479 564 630 623 novissima
644 583 713 622 saxo
721 567 750 622 ἐ

30 645 93 704 Neo
106 645 232 703 dubium
245 643 282 702 de
295 653 388 701 morte
400 654 478 713 rote,
495 643 653 703 Cadmeida
665 643 767 720 palmis

28 724 219 802 Deplonxere
232 722 358 792 domum,
373 722 467 781 scissae
480 742 546 781 cum
559 734 639 781 veste
653 723 779 799 capillos.

30 804 130 881 thue
143 822 247 881 parum
258 805 343 879 justae
355 802 530 879 nimiumque
544 801 572 858 in
585 802 688 879 pellice
702 821 783 860 saevae

30 883 172 941 Invidiam
185 882 282 940 fecere
295 882 368 939 Deae
376 886 397 938 ³.
432 881 569 939 Convicia
582 882 660 940 Juno

32 962 98 1020 Non
110 961 199 1021 tulit:
220 971 258 1030 et,
273 960 387 1018 Faciam
401 979 452 1018 vos
465 960 540 1036 ipsas
553 961 686 1029 maxima,
701 960 782 1028 dixit,

37 1040 155 1099 Soevitiae
168 1050 355 1097 monumento
364 1058 452 1097 meae:
472 1058 518 1097 res
531 1039 609 1097 diets
622 1049 722 1096 secuta
735 1050 779 1096 est
787 1043 809 1096 ⁴.

34 1119 107 1179 Nam
120 1122 209 1196 quoe⁵
221 1118 364 1195 precipue
376 1118 470 1176 fuerat
482 1118 538 1196 pis,
554 1120 720 1195 Persequar,
735 1117 835 1195 inquit,

31 1198 66 1257 In
76 1198 154 1259 freto
165 1197 312 1274 reginam
331 1198 491 1275 saltumque
505 1198 615 1268 datura,
630 1197 737 1255 moveri
827 1199 885 1255 551

32 1278 122 1338 Haud
135 1296 259 1355 usquam
271 1277 385 1353 potuit;
403 1277 580 1354 scopuloque
593 1277 678 1336 affixa
691 1275 818 1337 cohaesit.

32 1358 145 1426 Altera,
159 1358 229 1415 dum
243 1356 327 1413 solito
341 1367 435 1415 tentat
447 1357 584 1435 plangore
596 1357 680 1415 ferire

32 1437 166 1506 Pectora,
178 1445 307 1494 tentatos
319 1437 406 1496 sentit
418 1435 537 1512 riguisse
550 1435 681 1495 lacertos

31 1515 95 1587 llls,
109 1534 216 1574 manus
228 1525 261 1573 ut
273 1514 348 1574 forte
361 1516 522 1575 tetenderat
535 1515 565 1572 in
578 1516 663 1574 maris
676 1516 775 1584 undas,

32 1595 129 1657 Susa
140 1595 220 1655 facta
232 1613 334 1655 manus
347 1595 377 1653 in
390 1595 505 1654 easdem
517 1594 637 1671 porrigit
649 1596 740 1653 undas
750 1599 779 1652 ⁶:

31 1674 141 1754 Hujus,
151 1686 185 1735 ut
198 1685 341 1752 arreptum
354 1675 480 1732 laniabat
492 1673 599 1732 vertice
612 1674 729 1744 crinem,

30 1755 163 1813 Durotos
175 1754 272 1812 subitd
286 1753 391 1830 digitos
404 1753 434 1811 in
449 1753 527 1811 crine
540 1752 659 1811 videres.

33 1835 100 1898 Quo
112 1851 236 1910 quaeque
249 1831 279 1889 in
292 1841 376 1908 gestu
390 1832 581 1909 deprenditur,
595 1832 678 1890 haesit
690 1830 720 1889 in
734 1831 792 1889 illo.

34 1912 104 1971 Pars
123 1911 257 1969 volueres
277 1910 377 1978 ὃπως
403 1930 467 1987 quae
487 1930 565 1968 nunc
588 1911 702 1987 quoque
724 1910 837 1987 gurgite
861 1910 890 1969 in

33 1990 164 2070 AEqnors
172 1989 352 2066 destringunt
364 1989 482 2049 summis
493 1990 650 2048 Ismenides
659 1990 720 2048 alis.
749 1991 815 2068 [illo
831 1993 890 2048 560

104 2182 236 2242 &dnus
248 2191 275 2239 et
287 2180 436 2240 Hermione
448 2183 480 2240 in
494 2183 633 2242 dracones.
669 2201 743 2241 sss.
757 2201 827 2240 1111.

37 2339 154 2400 ancrn
170 2340 351 2418 Agenorides
362 2343 481 2400 natam*
493 2360 668 2419 parvumque
681 2343 837 2419 nepotem⁸

65 2515 72 2547 ¹
84 2521 206 2572 Quantum
215 2513 315 2573 salubre,
326 2530 351 2562 ns
362 2515 399 2562 for
408 2532 435 2562 ss
445 2517 500 2577 they
508 2515 587 2563 could.
619 2516 629 2544 ¹
641 2518 791 2568 Prinoessa,
808 2530 839 2561 on
851 2514 892 2560 ths

38 2579 101 2629 briok
111 2580 143 2628 οἰ
149 2595 165 2626 ι
175 2578 248 2635 roth
259 2592 291 2624 on
301 2579 341 2624 tho
349 2578 410 2641 edge
420 2580 450 2626 of
456 2595 470 2625 a
478 2580 600 2638 precipioe.
635 2577 723 2636 'Deoe‚
734 2581 751 2625 i.
769 2595 781 2624 e
792 2577 889 2627 Junoni.

39 2639 103 2695 ‘Res
119 2650 205 2692 unuln
220 2650 253 2689 est
269 2644 340 2695 dicta,
357 2640 483 2689 execution
498 2640 609 2689 followed
624 2642 667 2688 her
683 2640 767 2687 words.
800 2640 811 2668 ⁸
824 2641 889 2686 Nom

40 2704 133 2767 (tomes)
143 2720 205 2766 qua.
232 2703 242 2731 ⁸
254 2703 322 2752 Ordo
329 2712 380 2758 est;
392 2705 445 2760 Illa,
454 2703 546 2770 utfhrtd
554 2708 682 2754 tetenderat
690 2718 777 2753 monus
785 2704 814 2748 in
819 2703 901 2748 nodus

39 2771 195 2833 nsrinfacta
204 2768 382 2827 sareapmgr't
396 2785 482 2818 monus
498 2771 525 2818 in
543 2770 639 2822 eosdem
655 2772 747 2821 undas.
776 2765 785 2794 1
808 2767 922 2821 Nolon,

32 2830 47 2872 ί
51 2845 68 2873 ‘¹
76 2833 131 2874 Μ·
166 2827 303 2886 'quem
314 2831 331 2874 i·
344 2845 365 2879 e.
376 2833 543 2888 Melr'certnm.
