1912 3082
17 158 20 207 Ι
309 113 383 161 LlB·
404 113 461 163 111.
479 114 562 162 FAB·
580 115 663 162 Vlll.
877 114 915 168 63

16 298 18 303 .
60 253 154 316 Quem
164 268 259 326 nequa
268 249 345 308 bella
354 253 464 325 juvant,
474 268 528 308 nec
539 249 605 319 tela,
618 269 673 308 uec
685 269 754 308 usus
765 269 916 328 equorum;

13 342 18 459 q
62 329 115 389 Sed
128 329 263 388 madidus
276 329 389 405 myrrha
401 328 494 397 crinis,
505 329 661 405 mollesque
674 348 795 399 coronae,

12 474 17 489 ἱ
62 409 254 487 Pmpuraque,
268 418 298 465 et
310 407 395 484 pictis
407 407 549 466 intextum
560 408 686 465 vestibus
697 427 805 466 aurum.
831 412 914 486 [gam

11 508 14 567 j
62 490 152 554 Quem
166 486 284 564 quidem
302 505 356 561 ego
374 495 513 554 actutum,
536 486 623 544 modd
641 505 692 543 vos
704 487 841 557 absistite,
866 509 914 547 co-

10 586 22 657 q:
61 569 288 641 Assumtumque
301 574 411 641 patrem
425 575 642 640 commentaque
653 584 734 623 sacra
745 565 836 623 fateri.

59 648 106 705 Au
119 645 191 704 satis
206 643 319 702 Acrisio
332 653 377 701 eat
389 641 484 711 animi,
495 654 678 702 contemnere
690 663 796 702 vanum

59 725 176 782 Numen
184 727 203 793 ¹,
216 733 249 780 et
262 721 411 797 Argolicas
424 721 548 780 venienti
562 721 693 781 claudere
706 734 819 799 portas;
857 726 915 781 ⁵60

58 804 190 862 Penthea
202 801 321 859 terrebit
335 819 401 858 curn
415 799 483 857 totis
496 800 606 858 advena
620 800 751 860 Thebis?

10 918 12 927 =
57 883 101 943 Ite
115 881 177 950 citi,
189 879 304 939 famulis
316 878 372 936 hoc
385 878 505 954 imperat
515 883 534 947 ²,
548 879 597 948 ite,
611 879 770 957 ducemque

59 960 207 1020 Attrahite
220 958 278 1017 huc
290 956 417 1015 vinctum
428 978 436 1014 r
447 957 533 1034 jussis
547 977 626 1016 mora
639 959 732 1035 segnis
746 961 855 1019 abesto.

95 1040 191 1098 Hunc
202 1056 282 1105 avus,
294 1036 372 1094 hunc
386 1036 534 1105 Athamas,
548 1037 626 1094 hunc
639 1048 742 1095 caetera
754 1040 838 1097 turba
851 1058 916 1096 suo·

58 1118 225 1195 corripiunt
238 1114 338 1173 dictim
348 1113 506 1190 hmtraque
519 1115 647 1173 inhibere
660 1116 801 1174 laborant.
842 1128 914 1195 (rum

58 1197 164 1256 Acrior
177 1193 325 1255 admonitu
338 1203 383 1251 est
394 1216 402 1261 ;
414 1193 594 1270 imitaturque
606 1204 719 1252 retenta

60 1277 98 1334 Et
111 1274 218 1334 crescit
229 1272 322 1331 rabies
332 1296 340 1339 ;
352 1273 595 1349 remoraminaque
607 1273 669 1350 ipsa
682 1275 833 1333 nocebant.

62 1355 109 1413 Sic
121 1372 178 1430 ego
191 1362 356 1420 torrentem,
371 1351 427 1428 qua
439 1351 479 1409 nil
493 1353 626 1410 obstabat
640 1352 727 1422 eunti,

60 1433 178 1500 lenius,
192 1442 224 1489 et
237 1430 350 1488 modico
366 1430 486 1506 strepitu
501 1431 649 1489 decurrere
662 1431 728 1488 vidi.

61 1513 111 1581 At,
126 1511 297 1589 quacunque
311 1511 406 1569 trabes
419 1510 621 1584 obstructaque
635 1529 704 1567 saxa
717 1511 862 1578 tenebant,

60 1591 213 1668 Spumeus,
228 1601 258 1646 et
271 1588 390 1656 fervens,
405 1598 435 1645 et
448 1589 484 1645 ab
499 1588 593 1665 objice
607 1588 703 1646 saevior
716 1589 784 1646 ibat.
858 1590 913 1645 571

60 1669 158 1728 Ecce!
175 1667 315 1727 cruentati
328 1667 487 1735 redeunt³;
501 1676 539 1734 et,
552 1666 682 1724 Bacchus
696 1667 745 1724 ubi
760 1678 842 1735 esset,

62 1747 208 1813 Quaerenti
222 1746 347 1814 domino,
362 1745 509 1803 Bacchum
523 1745 634 1813 vidisse,
648 1747 796 1821 negarunt.

61 1828 160 1896 Hunc,
174 1825 281 1893 dixere,
302 1835 399 1883 tamen
412 1824 555 1893 comitem,
569 1823 761 1901 famulumque
776 1843 916 1882 sacrorum

64 1906 199 1982 Cepimus
210 1927 219 1971 3
230 1914 262 1962 et
276 1904 392 1962 tradunt
405 1903 536 1960 manibus
546 1912 612 1980 post
625 1913 705 1980 terga
717 1903 819 1978 ligatis,

64 1984 149 2043 Sacra
162 1983 210 2043 dei
224 1983 367 2061 quondam
379 1981 527 2059 Tyrrhena
538 1991 624 2059 gente
639 1993 778 2040 secutum.

263 2137 394 2198 Bacchus
407 2148 513 2214 raptas.
554 2157 627 2196 naa.
642 2157 712 2196 vt11.

10 2270 13 2301 Ι
63 2301 218 2356 Anserem
231 2297 331 2356 hunc⁴
344 2297 434 2354 oculis
448 2297 602 2365 Pentheus,
616 2316 686 2373 quos
700 2295 741 2354 ira
755 2296 918 2355 tremendos

10 2412 14 2423 ·
63 2378 195 2445 Fecerat;
216 2386 254 2444 et,
268 2368 428 2453 quanquam
441 2395 533 2451 poenae
545 2376 594 2432 vix
607 2385 736 2452 tempora
749 2376 851 2445 differt,

64 2456 89 2514 0
102 2458 238 2535 periture,
253 2456 358 2532 tuaque
372 2454 434 2513 aliis
448 2455 640 2513 documenta⁵
654 2455 755 2512 dature
859 2456 918 2509 579

94 2614 101 2643 ¹
118 2618 209 2663 Vanum
217 2629 309 2669 numen,
321 2612 367 2660 this
376 2613 434 2659 false
444 2611 514 2672 deity.
549 2611 559 2639 ¹
573 2613 671 2671 imperat
682 2614 730 2663 boa.
741 2612 771 2657 he
782 2609 921 2657 commando

11 2716 17 2743 ¹.
64 2679 124 2735 this3
142 2678 174 2724 he
190 2676 256 2739 gives
266 2675 313 2722 this
323 2676 400 2722 order.
432 2675 538 2722 'Ecca
559 2671 666 2736 (famuli)
685 2677 799 2721 cruentati
817 2675 919 2719 redeant.

64 2740 163 2796 ‘Hauc
178 2740 225 2788 ie.
238 2741 339 2788 Acoetm.
372 2739 545 2796 'Documenta
557 2752 571 2784 a
582 2736 702 2802 warninq.
