1912 3082
173 118 496 169 mensurnam.
739 116 797 175 los

9 275 19 312 1
34 257 54 314 J
55 273 148 313 unone
161 255 260 331 magis.
302 255 379 319 Quid
392 273 469 313 nunc
482 254 598 347 antiqua
610 256 745 314 recordor
838 276 841 282 ·

9 354 60 392 ma
72 354 128 393 mer
121 334 273 410 'generisi
294 334 378 391 timor
390 333 437 391 bic
451 333 611 392 meminisse
623 334 748 410 priorum

9 413 101 471 sinit
140 414 175 471 Iu
191 433 238 470 me
248 431 312 470 acur
304 413 479 471 sceleratos
491 411 605 470 cernitis
616 432 716 482 enses;

11 512 25 549 s
37 492 196 568 prohibete,
209 511 318 568 precor,
332 491 497 567 facinusque
510 491 646 567 repellite,
654 512 726 552 neve

9 575 31 628 'e
45 571 200 629 sacerdotis
213 571 341 627 flammas
354 570 527 646 exstinguite
542 570 648 628 Vestae.

11 650 67 706 alia
80 649 267 726 nequicquam
282 659 343 706 toto
356 648 454 707 Venus
467 649 553 708 anxia
566 649 639 707 coelo
693 651 795 726 [quam

9 748 41 786 oa
58 729 137 806 jacit,
159 728 336 804 Superosque
356 739 469 786 movet:
491 728 539 805 qui
558 748 689 806 rumpere
706 748 795 807 quan·

9 826 47 863 ea
61 826 118 863 non
130 817 249 883 possunt
261 818 387 864 veterum
402 807 518 865 decreta
532 808 675 878 Sororum,
736 810 795 866 781

9 904 34 942 ra
47 895 142 942 tamen
155 885 249 942 luctds
262 885 332 942 dant
344 885 421 942 haud
435 886 543 944 incerta
555 886 651 944 futuri.

10 983 36 1020 ra
49 963 144 1021 ferunt
157 964 250 1039 nigras
264 963 338 1020 inter
351 963 518 1040 crepitantia
531 967 631 1033 nubes,

10 1041 154 1118 ·ibilesque
164 1043 257 1109 tubas,
269 1041 422 1117 auditaque
435 1061 542 1100 cornua
552 1042 625 1099 coelo

10 1120 150 1178 monuisse
164 1120 251 1178 nefas.
287 1120 388 1176 Phoebi
403 1120 516 1196 qudque
528 1121 614 1182 tristis
628 1121 722 1200 imago

10 1199 52 1256 ida
66 1199 192 1256 sollicitis
205 1200 351 1274 praebebat
365 1198 472 1256 lumina
485 1199 574 1258 terris.

12 1277 158 1336 esoces
132 1297 198 1335 vrsae
210 1277 310 1334 mediis
323 1277 421 1334 ardere
435 1279 488 1335 sub
499 1278 597 1337 astris.

12 1376 29 1414 e
41 1356 114 1414 mter
127 1356 239 1414 nimbos
252 1365 342 1430 guttae
355 1356 484 1414 cecidere
499 1368 633 1415 cruentae.

10 1437 73 1492 ulus
87 1445 117 1493 et
130 1435 240 1492 vultum
253 1434 393 1509 ferrugine
408 1435 522 1494 Lucifer
537 1437 599 1495 atris

10 1525 149 1582 rsuserat,
164 1513 251 1590 sparsi
267 1513 393 1571 Lunares
408 1515 543 1590 sanguine
555 1533 662 1572 currus.
737 1517 796 1573 790

11 1593 51 1650 tia
63 1593 139 1650 mille
150 1593 220 1650 locis
234 1592 350 1668 Stygius
362 1592 439 1649 dedit
452 1593 547 1650 omina
561 1595 654 1659 bubo;

13 1691 30 1728 e
43 1671 113 1729 locis
126 1672 290 1748 lacrymavit
305 1672 384 1737 ebur,
399 1681 556 1745 cantusque
569 1670 698 1729 feruntur

10 1750 57 1818 liti,
71 1750 175 1808 sanctis
189 1761 218 1807 et
231 1751 318 1806 verba
331 1749 452 1806 minacia
465 1748 546 1806 lucis·

10 1829 71 1885 >ima
84 1829 161 1886 nulla
174 1828 254 1894 litat;
274 1845 447 1903 magnosque
461 1826 565 1884 instare
578 1827 718 1885 tumultus

10 1926 31 1964 a
41 1919 155 1974 monet;
175 1925 336 1982 caesumque
350 1916 437 1980 caput
450 1905 587 1981 reperitur
601 1905 630 1961 in
644 1906 726 1965 extis.

10 2006 37 2043 re
49 1986 119 2054 foro,
134 1987 296 2060 circumque
310 1985 419 2052 domos,
432 1994 462 2041 et
476 1984 583 2060 templa
597 1985 726 2043 Deorum

12 2075 110 2121 turnos
125 2064 247 2122 ululdsse
260 2082 362 2131 canes;
380 2064 549 2138 umbrasque
563 2063 697 2122 silentum

10 2144 90 2201 ivisse
103 2143 205 2210 femnt,
218 2152 381 2218 motamque
394 2143 563 2200 tremoribus
576 2144 686 2201 urbem.

10 2254 13 2277 r
27 2233 124 2278 tamen
138 2221 252 2278 insidias
265 2232 439 2296 venturaque
454 2221 566 2280 vincere
579 2222 639 2280 ieta

10 2301 131 2358 monitus
144 2301 262 2376 potuere
276 2300 391 2366 Derim3
411 2300 556 2376 strictique
568 2301 699 2359 feruntur
737 2304 797 2360 800

10 2379 132 2455 emplum
146 2379 250 2454 gladii;
270 2397 362 2455 neque
376 2378 451 2435 enim
465 2379 546 2436 locus
557 2380 632 2437 ullus
645 2380 675 2436 in
689 2380 770 2440 Urbe

10 2458 125 2525 facinus,
140 2458 292 2532 diramque,
306 2456 410 2532 placet,
424 2457 477 2513 nisi
492 2457 586 2525 Curia,
601 2459 719 2515 caedem.

11 2539 61 2592 ‘um
75 2536 141 2592 verb
157 2536 299 2612 Cytherea
312 2554 399 2591 manu
412 2535 552 2609 percussit
566 2535 685 2612 utrisque

11 2627 68 2680 tus;
87 2625 116 2672 et
130 2615 252 2673 aethereis
266 2614 379 2671 molitur
390 2613 513 2670 condere
526 2615 613 2682 nube,

23 2694 102 2769 priris
112 2693 214 2750 infesto
229 2693 307 2750 Paris
320 2703 364 2749 est
378 2700 493 2766 ereptus
508 2692 625 2762 Atridae

11 2772 171 2830 )iomedeos
183 2772 291 2830 AEneas
302 2771 416 2849 fugerat
430 2789 527 2831 enses.
