1912 3082
325 131 399 179 ΜΒ.
417 131 453 179 V·
472 131 553 180 ΕΑΒ.
573 131 597 179 1.
857 126 894 180 95

44 266 166 325 Altemo
179 276 321 342 spectans,
335 275 416 342 petat
425 266 511 334 hunc,
523 264 644 342 ignorat,
659 283 696 322 au
712 265 798 321 illum.

43 346 259 421 Cunctatusque
270 345 358 414 brevi,
369 355 527 402 contortam
536 345 642 402 viribus
655 344 774 411 hastam,

42 426 172 488 Quantas
185 423 227 480 ira
240 424 337 493 dabat,
350 424 538 501 nequicquam
550 423 579 479 in
594 423 698 480 Persea
711 421 795 478 misit

42 502 81 561 Ut
94 502 179 560 stetit
191 502 241 559 illa
254 511 326 570 toro,
337 503 432 560 stratis
443 514 505 559 tum
518 502 641 578 denique
655 501 776 560 Perseus

41 580 165 640 Exsiluit
175 604 184 649 ;
204 581 319 657 teloque
330 581 411 638 ferox
423 581 537 638 inimica
547 581 665 638 remisso

42 659 163 718 Pectora
176 659 307 736 rupisset,
322 660 376 717 nisi
386 670 456 736 post‘
463 659 562 717 altaria
575 658 700 716 Phineus

39 738 129 806 Isset3
146 748 188 806 et,
203 737 369 814 indignum!
391 739 529 796 scelerato
542 737 647 815 profuit
658 757 715 795 ara.

40 816 144 875 Fronte
156 827 255 874 tamen
270 816 368 874 Rhoeti
380 836 437 874 non
451 817 528 874 irrita
541 815 634 892 cuspis
646 816 779 884 adhaesit3

40 896 93 960 Qui
108 905 264 972 postquam
274 895 387 964 cecidit,
401 896 561 971 ferrumque
570 914 606 952 ex
614 914 677 952 osse
687 896 828 953 revulsum
838 906 891 965 est,

41 973 174 1051 Palpitat,
188 984 218 1030 et
231 975 338 1050 positas
351 974 475 1051 aspergit
488 975 624 1050 sanguine
639 993 760 1030 mensas.
853 977 892 1029 40

75 1054 156 1110 Tum
169 1052 238 1110 verd
251 1052 402 1110 indomitas
413 1053 535 1110 ardescit
548 1053 649 1128 vulgus
662 1052 691 1107 in
705 1052 776 1117 iras;

40 1130 167 1209 Telaque
179 1131 352 1208 conjiciunt:
371 1142 402 1190 et
415 1142 490 1201 sunt,
505 1131 552 1207 qui
568 1131 684 1206 Cephea
697 1130 794 1186 dicant

40 1211 111 1269 Cum
126 1228 235 1287 genero
249 1211 354 1268 debere
366 1210 447 1268 mori.
488 1211 546 1268 Sed
559 1210 656 1267 limine
668 1209 738 1267 tecti

39 1288 157 1348 Exierat
172 1289 314 1365 Cepheus,
332 1299 453 1348 testatus
464 1292 574 1366 Jusque,
588 1289 738 1364 fidemque,

39 1367 223 1445 Hospitiique
235 1367 323 1436 Deos,
338 1387 382 1437 ea,
396 1387 427 1426 se
440 1368 616 1444 prohibente,
630 1368 745 1425 moveri.

39 1445 147 1505 Bellica
160 1446 256 1504 Pallas
270 1447 367 1513 adest;
384 1458 414 1504 et
426 1447 551 1523 protegit
564 1445 654 1522 aegide
665 1447 779 1504 fratrem
788 1447 805 1514 ¹,

38 1524 155 1602 Datque
175 1525 295 1582 animos.
340 1525 410 1583 Erat
431 1526 520 1583 Indus
541 1525 635 1593 Athis,
660 1545 744 1601 quern
773 1524 889 1582 flumine

39 1602 126 1661 Edita
139 1602 274 1661 Limnate
285 1603 380 1662 vitreis
393 1604 535 1681 peperisse
549 1606 602 1661 sub
616 1605 704 1661 antris
769 1604 889 1679 [Gange

39 1682 181 1751 Creditur,
195 1682 325 1759 egregius
335 1683 441 1750 formlu
459 1703 544 1759 quam
557 1683 643 1740 divite
658 1682 738 1740 cultu

39 1761 186 1838 Augebat,
200 1762 245 1819 bis
258 1762 353 1819 adhuc
366 1761 476 1820 octonis
489 1763 620 1838 integer²
633 1762 721 1830 annis,
849 1762 888 1817 50

38 1839 160 1898 lndutus
175 1839 354 1917 chlamydem
368 1841 492 1917 Tyriam,
507 1860 591 1917 quam
605 1840 709 1898 limbus
723 1839 821 1898 obibat

40 1919 172 1985 Aureum
192 1921 331 1976 ornabant
344 1929 443 1977 aurata
455 1920 571 1977 monilia
584 1919 698 1987 collum,

40 1995 76 2054 Et
86 1996 221 2055 madidos
233 1998 346 2074 myrrha
359 2017 476 2055 curvum
490 1998 594 2056 crinale
606 1998 732 2074 capillos.

39 2074 89 2134 Ille
102 2074 220 2153 quidem
231 2076 327 2152 jaculo
340 2077 466 2152 quamvis
479 2076 613 2135 distantia
624 2077 710 2134 misso

39 2151 159 2231 Ergere³
172 2153 275 2212 doctus
288 2165 365 2223 erat;
385 2155 436 2212 sed
448 2156 564 2214 tendere
578 2157 688 2214 doctior
698 2174 789 2212 arcus.

39 2231 112 2289 'l‘um
127 2231 242 2310 qudque
255 2233 333 2292 lenta
345 2253 432 2291 manu
444 2235 607 2292 flectentem
620 2253 726 2292 cornua
740 2235 859 2294 Perseus

40 2310 150 2388 Stipite,
165 2312 214 2386 qui
227 2313 321 2370 media
331 2312 441 2390 positus
454 2313 583 2371 fumabat
595 2313 623 2369 in
638 2313 712 2381 aula,

38 2389 174 2460 Perculit,
188 2401 218 2449 et
230 2389 326 2450 fractis
337 2391 466 2450 confudit
478 2392 508 2448 in
522 2392 632 2450 ossibus
643 2411 693 2449 ora
700 2396 723 2448 ⁴.

10 2566 13 2591 ε
66 2547 73 2578 ¹
90 2552 210 2603 Fratrem,
220 2549 263 2595 her
273 2549 375 2605 brother,
392 2552 409 2597 ι’.
423 2565 443 2598 e.
456 2548 563 2596 Perseus.
595 2548 690 2609 Jupiter
701 2564 748 2595 was
758 2550 798 2594 the
809 2549 886 2594 father

10 2644 17 2651 -
37 2610 91 2659 tou
100 2611 133 2659 cd
141 2611 221 2659 Pallas
230 2611 278 2659 and
289 2611 397 2660 Per-serra.
426 2612 547 2673 'Integen
558 2613 639 2666 entire,
655 2615 671 2659 i.
682 2628 701 2659 e.
715 2611 843 2673 uninjured
854 2613 885 2668 by

37 2673 109 2734 tima3
120 2674 149 2721 in
158 2674 200 2721 tha
209 2674 289 2723 bloorn
300 2675 329 2721 of
334 2676 416 2736 youth.
443 2674 454 2702 ⁸
463 2678 554 2736 Figere,
566 2683 590 2720 to
601 2675 693 2734 pierce3
703 2683 728 2721 to
738 2674 782 2720 hit
805 2674 815 2701 ⁴
827 2677 887 2720 Coa·

31 2736 96 2846 Ἠ
105 2738 278 2845 mastreth
288 2740 378 2797 sadus,
394 2736 511 2788 rendered
526 2737 565 2788 his
577 2738 630 2789 luca
642 2755 657 2788 a
667 2736 791 2788 coniused
798 2751 868 2783 mass
875 2734 903 2780 ot

92 2814 124 2847 en
