1912 3082
361 121 610 168 METAMORPH·

256 347 421 424 Daphnem
435 348 552 405 laurum.
596 365 723 403 rnn.1x.

67 489 190 545 Parmos
204 507 283 544 amor
298 488 398 545 Phoebi
413 489 535 565 Daphne
550 489 664 556 Peneia,
679 507 762 563 quem
776 506 834 544 non
858 488 916 550 452

66 566 134 624 Fors
147 568 244 642 ignara
257 567 344 635 dedit,
358 567 408 623 sed
422 586 495 624 saeva
510 567 657 642 Cupidinis
670 567 719 624 ira.

66 644 167 703 Delius
179 645 256 702 hunc
270 665 360 720 nuper
372 645 449 701 victa
461 656 592 720 serpente
606 647 745 720 superbus

65 723 182 781 Viderat
195 723 319 781 adducto
333 724 495 780 flectentem
509 741 616 780 cornua
629 743 735 780 nervo:

105 802 237 878 Quidque
251 802 312 870 tibi,
326 800 430 858 lascive
443 820 521 877 puer,
536 820 602 858 cum
616 801 736 858 fortibus
749 799 858 858 armis?

65 881 205 938 Dixerat:
224 880 279 937 ista
292 880 395 937 decent
408 880 540 936 humeros
553 880 711 955 gestamina
724 891 844 948 nostros,

65 960 122 1023 Qui
135 960 202 1016 dare
217 969 294 1016 certa
306 959 381 1026 ferae,
399 958 466 1016 dare
480 959 595 1015 vulnera
608 977 758 1034 possumus
771 959 866 1026 hosti;

65 1037 121 1102 Qui
135 1036 221 1095 modd
234 1037 366 1113 pestifero
381 1048 424 1094 tot
435 1040 535 1114 jugera
547 1048 645 1094 ventre
662 1048 838 1114 prementem

66 1116 221 1174 Stravimus
234 1115 387 1174 innumeris
400 1116 540 1172 tumidum
554 1117 686 1192 Pythona
699 1116 818 1192 sagittis.
858 1116 919 1172 460

65 1194 111 1252 Tu
124 1195 187 1252 face
201 1195 296 1252 nescio
310 1213 381 1270 quos
394 1204 455 1251 esto
470 1205 622 1253 contentus
634 1212 745 1252 amores

64 1272 176 1330 Imitare
190 1273 240 1333 tud
250 1276 257 1308 ¹
268 1296 275 1338 ;
295 1291 349 1329 nec
362 1272 461 1329 laudes
474 1291 567 1331 assere
580 1275 709 1330 nostrast

104 1351 191 1407 Filius
204 1351 271 1408 huic
284 1351 420 1407 Veneris:
441 1350 523 1426 Figat
538 1363 602 1408 tuus
615 1351 719 1419 omnia,
732 1350 852 1422 Phoebe,

65 1429 108 1486 Te
122 1448 203 1486 meus
215 1448 306 1497 arcus,
320 1428 377 1486 ait:
398 1441 559 1506 quantoque
573 1429 705 1488 animalia
718 1430 825 1488 cedunt

65 1509 177 1565 Cuncta
190 1507 250 1575 tibi,
265 1516 345 1564 tanto
359 1507 450 1563 minor
462 1519 506 1564 est
520 1518 570 1565 tua
582 1508 672 1584 gloria
685 1509 790 1567 nostri.
839 1531 841 1535 ’

104 1585 203 1642 Dixitz
224 1596 253 1643 et
267 1584 335 1643 eliso
349 1585 489 1660 percussis
503 1589 567 1643 aere
580 1586 681 1661 pennis

79 1664 188 1740 mpiger
201 1664 334 1722 umbrosa
348 1664 461 1721 Parnasi
476 1665 604 1722 constitit
617 1668 718 1732 arce23

68 1741 146 1818 Eque
160 1743 315 1819 sagittifera
327 1743 444 1819 promsit
458 1744 514 1800 duo
529 1744 587 1801 tela
599 1743 730 1820 pharetra

66 1821 247 1878 Diversorum
266 1822 402 1897 operum³
417 1845 425 1888 ;
444 1820 524 1897 fugat
537 1823 601 1891 hoc,
615 1822 684 1879 facit
697 1821 767 1878 illud
780 1840 918 1880 amorem.

64 1900 149 1962 Quod
162 1899 239 1967 facit,
253 1910 382 1957 auratum
397 1911 448 1967 est,
463 1911 492 1957 et
506 1900 623 1976 cuspide
635 1900 727 1976 fulget
739 1901 843 1958 acuta:
858 1903 920 1956 470

64 1978 149 2039 Quod
158 1977 247 2052 fugat,
256 1980 390 2035 obtusum
399 1989 450 2045 est,
462 1988 491 2034 et
498 1979 604 2036 habet⁴
613 1981 666 2036 sub
677 1979 814 2036 arundine
823 1978 924 2054 plum-.

65 2056 132 2111 Hoc
145 2055 226 2112 Deus
240 2055 269 2111 in
282 2056 407 2130 nympha
422 2055 547 2112 Peneide
559 2055 640 2123 fixit3
660 2068 691 2114 at
705 2057 753 2114 illo
820 2060 925 2131 [bum.

64 2133 150 2189 Laesit
166 2132 331 2209 Apollineas
345 2136 462 2209 trajecta
475 2151 526 2208 per
538 2152 603 2192 ossa
615 2135 762 2193 medullas.

65 2211 196 2268 Protinus
209 2210 280 2268 alter
293 2222 386 2276 amat:
404 2210 478 2286 fugit
491 2211 580 2268 altera
592 2232 696 2270 nomen
709 2213 839 2282 amantis,

65 2290 202 2347 Silvarum
216 2288 332 2346 latebris
345 2289 574 2364 captivarumque
588 2291 708 2348 ferarum

65 2367 181 2424 Exuviis
194 2367 330 2443 gaudens,
344 2366 524 2443 innuptaeque
539 2369 640 2426 amula
655 2370 786 2427 Phoebes.

96 2525 101 2553 ¹
118 2521 170 2571 Tud
178 2525 244 2588 foce.
264 2522 318 2569 with
335 2523 376 2580 thy
393 2523 466 2568 toron.
498 2524 586 2576 'Arca
607 2526 711 2571 summit.
746 2524 916 2574 'Diversarum

65 2605 165 2647 opertum,
182 2587 211 2631 of
218 2586 327 2642 different
338 2585 430 2638 worksg
446 2586 475 2630 os
484 2587 559 2632 works
571 2588 701 2649 producing
712 2591 817 2646 opposite
828 2589 915 2635 effecta.

63 2650 71 2677 ⁸
82 2651 147 2694 (trdo
157 2659 189 2694 est
199 2665 206 2704 ς
220 2645 339 2704 (Telum),
348 2646 472 2706 quodjirct't
483 2647 620 2708 (amorem),
630 2659 662 2695 est
673 2661 796 2706 narratam,-
811 2651 915 2711 (telum).

63 2715 196 2774 quodsugot
211 2711 345 2773 (amorem),
362 2719 393 2756 est
402 2711 502 2756 obtusum
513 2711 614 2771 (blunt),
624 2723 644 2758 et
656 2715 727 2766 dubet,
739 2714 782 2761 dec.
