1912 3082
71 147 110 202 22
368 152 620 201 METAMORPH·

69 285 203 343 Postibus
217 286 356 362 Augustis
369 286 470 345 eadem
482 285 727 344 fidissima'custos

68 365 147 422 Ante
160 366 234 422 fores
247 366 352 432 stabis;
371 366 549 443 mediamque
562 367 680 422 tuebere
694 383 839 441 quercum.

69 443 166 518 thue
179 463 274 501 meum
288 444 407 501 intonsis
419 455 506 519 caput
520 454 563 501 est
573 444 698 520 juvenile
712 443 821 520 capillis
831 446 849 512 ¹,

69 520 114 578 Tu
129 522 240 598 quoque
254 526 426 598 perpetuos²
439 541 549 598 semper
562 541 628 596 gere
641 521 747 579 frondis
760 525 890 580 honores.

108 599 231 659 Finierat
245 602 339 658 Paean.
380 600 474 658 Factis
487 600 572 657 modd
586 600 683 657 laurea
694 601 779 657 ramis

69 677 180 735 Annuit
188 679 216 747 ³3
235 690 323 755 utque
336 687 431 755 caput,
445 678 505 736 visa
518 688 562 736 est
574 678 695 754 agitdsse
709 697 857 737 cacumen.

308 850 343 908 Io
355 853 387 908 in
399 870 518 908 uaccam.
558 869 630 909 rna.
644 871 673 910 x.

69 991 131 1049 Esr
144 1012 244 1051 nemus
257 992 406 1060 AEmoniae‚
419 1002 561 1069 praerupta
572 993 649 1068 quod
661 992 786 1068 undique
799 992 908 1051 claudit

68 1071 144 1128 Silva
152 1072 182 1139 *ς
201 1082 306 1128 vocant
319 1070 437 1147 Tempe,
451 1090 501 1146 per
513 1090 576 1145 quae
591 1071 711 1140 Pene'us,
725 1072 763 1128 ab
776 1071 835 1128 imo

67 1150 181 1208 Effusus
195 1150 295 1218 Pindo,
309 1151 448 1225 spumosis
460 1149 581 1205 volvitur
594 1148 685 1218 undis,
859 1151 920 1206 570

66 1227 246 1304 Dejectuque
259 1228 336 1303 gravi
350 1240 450 1286 tenues
464 1227 600 1303 agitantIa
612 1227 706 1284 fumos

66 1305 174 1364 Nubila
187 1306 321 1363 conducit
330 1306 350 1374 ⁵,
365 1325 544 1381 summasque
556 1305 723 1380 aspergine⁶
737 1304 820 1363 silvas

66 1383 210 1459 Impluitl,
225 1394 254 1441 et
268 1384 361 1441 sonitu
375 1384 440 1460 plns
454 1385 538 1461 quam
551 1384 644 1440 vicina
657 1384 756 1459 fatigat
765 1387 785 1440 ⁸.

66 1462 139 1519 Haec
153 1463 263 1530 domus,
277 1462 338 1519 haec
352 1462 441 1531 sedes,
456 1463 517 1520 haec
530 1472 596 1519 sunt
609 1461 765 1538 penetralia
777 1461 874 1537 magni

66 1540 185 1597 Amnis:
204 1541 234 1596 in
247 1540 312 1608 hoc,
325 1540 450 1598 residens
463 1541 539 1598 facto
553 1540 589 1598 de
603 1541 734 1597 cautibus
748 1550 839 1608 antro,

66 1618 157 1676 Undis
169 1622 232 1694 jura
244 1618 340 1687 dabat,
355 1618 551 1695 Nymphisque
565 1619 724 1675 colentibus
737 1618 839 1675 undas.

105 1697 285 1755 Conveniunt
297 1698 366 1756 illuc
378 1697 524 1774 popularia
536 1697 653 1753 flumina
665 1696 796 1772 primum,

64 1774 170 1833 Nescia
183 1786 336 1851 gratentur,
350 1776 568 1834 consolenturne
580 1784 726 1850 parentem
735 1778 755 1842 ⁹,

65 1853 209 1929 Populifer
223 1855 390 1930 Spercheos,
404 1866 434 1913 et
446 1853 611 1929 irrequietus
626 1853 760 1927 Enipeus,

65 1932 269 2008 Apidisnusque
282 1952 377 2000 senex,
392 1933 517 2007 lenisque
532 1932 716 2008 Amphrysos,
730 1940 760 1987 et
773 1929 860 1995 AEas;

64 2009 194 2084 Moxque
207 2028 305 2066 amnes
317 2010 374 2078 alii,
388 2011 444 2085 qui,
458 2011 515 2084 quai
528 2009 593 2065 tulit
605 2009 728 2084 impetus
740 2008 813 2073 illos,
855 2009 913 2066 581

64 2088 99 2145 Iu
113 2106 189 2144 mare
203 2087 348 2144 deducunt
361 2088 448 2145 fessas
462 2087 601 2144 erroribus
614 2087 713 2144 undas.

63 2166 187 2224 Inachus
199 2184 273 2222 unus
286 2167 383 2233 abest;
403 2166 515 2241 imoque
528 2165 691 2223 reconditus
704 2175 785 2222 antro

94 2320 213 2370 ¹Juverrile
221 2323 317 2369 intonsis
324 2323 419 2380 capillis,
431 2321 541 2382 youthful
548 2321 603 2367 with
612 2323 716 2368 unshorn
730 2320 802 2367 loclrs.
837 2319 915 2369 'Pea-
945 2320 948 2324 ’

61 2394 147 2441 petuas,
162 2384 286 2444 unlading.
319 2383 436 2435 'Annuit
452 2383 548 2430 nodded
557 2393 641 2432 assent.
670 2384 915 2443 ‘Proruptosr'lmn

63 2461 151 2506 craggy
162 2445 238 2497 stood,
256 2450 272 2490 i.
283 2461 302 2492 e.
313 2461 327 2491 a
337 2447 409 2503 rocly
420 2447 542 2492 mountain
555 2445 652 2493 covered
661 2447 717 2492 with
728 2445 803 2491 wood-
835 2446 913 2494 'Con-

62 2511 169 2568 ducr‘tque
177 2510 245 2566 gravi
255 2508 342 2566 deiectu
353 2510 431 2555 nubila
449 2511 562 2568 efflantis
573 2517 651 2556 tenues
658 2510 746 2569 fumos,
763 2507 916 2554 andcollects

62 2571 122 2616 from
131 2571 170 2616 the
179 2570 265 2616 violent
273 2570 314 2615 fall
323 2570 405 2616 clouds
412 2570 499 2631 rolling
507 2571 577 2630 along
582 2571 632 2616 thiu
640 2586 736 2629 vapour.
759 2568 913 2630 'Amtorgim

62 2634 119 2678 with
133 2634 172 2678 the
183 2647 257 2692 spray.
290 2632 410 2693 'impluit
430 2633 528 2678 hedews.
559 2632 686 2691 ‘Fatigat
699 2634 766 2686 tires;
786 2643 860 2686 stuns,
879 2648 913 2686 or.

61 2693 164 2742 deciens
197 2695 347 2749 'Parentenn
362 2696 400 2741 the
412 2695 495 2749 father,
504 2697 547 2742 oia.
562 2696 590 2740 of
598 2695 705 2754 Daphne.
715 2698 731 2743 i.
741 2711 760 2743 a.
774 2695 876 2744 Pensm
