1912 3082
53 132 93 184 4⁰
340 151 586 200 nummorum.

54 286 226 345 Exanimata
236 289 343 365 jacent.
385 289 483 365 Ipsum
496 286 611 365 quoque
625 285 721 344 Nerea
733 286 811 345 fama
823 295 877 356 est,

53 365 227 441 Doridaque,
243 376 273 424 et
283 377 373 435 natas,
388 367 492 443 tepidis
505 367 621 424 latuisse
633 367 687 424 sub
699 365 795 424 antris.

53 443 112 502 Ter
125 445 279 520 Neptunus
291 446 372 523 aquis
382 464 448 504 cum
463 456 543 503 torvo
555 445 672 502 brachia
684 445 766 502 vultu
852 445 913 502 270

52 521 193 582 Exserere
206 543 293 582 ausus
304 535 365 582 erat
375 546 383 591 ς
401 534 445 582 ter
457 542 515 581 non
529 524 595 581 tulit
606 524 679 581 ae'ris
691 534 778 581 aestus
786 524 803 580 ¹.

93 604 181 661 Alma
196 613 292 661 tamen
306 603 412 671 Tellus,
425 613 458 660 ut
470 613 532 661 erat
545 603 722 662 circumdata
732 613 832 679 ponto,

52 679 132 739 Inter
145 700 233 757 aquas
244 682 347 759 pelagi,
362 691 525 740 contractos
538 681 664 757 undique
676 682 780 752 fontes,

54 760 110 825 Qui
125 780 156 818 se
170 760 356 818 condiderant
369 761 398 818 in
412 779 510 838 opacae
523 761 631 818 viscera
644 761 752 829 matris,

54 838 175 897 Sustulit
191 839 344 898 omniferos
358 841 433 898 collo
447 851 531 898 tenus
544 840 623 898 arida
636 838 731 897 vultus
742 842 761 908 ²,
803 865 806 869 ·

52 917 252 995 opposuitque
265 938 382 977 manum
394 919 480 977 fronti
491 942 499 987 ς
516 936 677 995 magnoque
691 929 814 977 tremore

53 996 159 1055 Omnia
172 997 339 1058 concutiens
349 999 476 1074 paullum
491 999 635 1065 subsedit3
648 1007 679 1055 et
692 997 773 1068 infra,

52 1077 148 1140 Quam
163 1080 237 1138 solet
249 1096 321 1145 esse,
334 1077 405 1135 fuit:
429 1078 560 1153 siccaque
572 1077 613 1135 ita
625 1093 697 1135 voce
708 1076 807 1135 locuta
818 1086 883 1135 este

95 1155 125 1214 Si
139 1158 236 1234 placet
246 1157 312 1224 hoc,
326 1156 482 1234 meruique,
495 1157 563 1232 quid
573 1159 590 1214 d
600 1167 650 1215 tua
658 1156 779 1214 fulmina
788 1166 912 1224 cessant,

54 1232 171 1295 Summe
186 1237 319 1295 Dellm³?
339 1236 425 1294 liceat
437 1237 588 1314 periturae⁴
599 1236 704 1296 viribus
715 1235 800 1312 ignis,
853 1237 913 1293 28⁰

52 1312 125 1389 Igne
136 1315 228 1390 perire
242 1327 311 1382 tuo,
325 1313 493 1392 clademque
504 1325 621 1373 auctore
631 1314 725 1376 levare
730 1315 752 1372 ⁶.

51 1391 111 1450 Vix
125 1393 257 1470 equidem
268 1393 366 1451 fauces
378 1393 440 1452 haec
454 1395 516 1470 ipsa
526 1394 556 1451 in
568 1397 655 1453 verba
668 1394 788 1463 resolvo,

51 1469 199 1531 Presserat
212 1491 262 1529 ora
273 1491 369 1548 vapor,
383 1483 475 1531 tostos
488 1492 525 1531 en
538 1473 655 1551 adspice
667 1473 759 1533 crines
772 1472 779 1533 l

51 1549 143 1629 Inque
157 1551 247 1618 oculis
260 1563 382 1621 tantum,
402 1562 515 1609 tantum
529 1571 614 1629 super
630 1573 681 1612 ora
693 1552 804 1610 favillae.

52 1624 155 1688 Hosne
168 1631 238 1688 mihi
250 1631 369 1700 fructus,
382 1631 460 1689 hunc
472 1631 625 1690 fertilitatis
638 1633 776 1691 honorem

52 1707 204 1787 Officiique
218 1711 323 1769 refers?
358 1710 435 1787 qudd
446 1710 551 1769 adunci
565 1710 683 1770 vulnera
695 1708 780 1770 aratri

52 1785 277 1868 Rastrorumque
287 1790 355 1859 fero,
367 1801 486 1868 totoque
500 1809 635 1849 exerceor
647 1790 747 1849 anno?

52 1869 139 1932 Quod
152 1870 249 1947 pecori
258 1870 381 1937 frondes,
396 1869 587 1947 alimentaque
600 1871 689 1939 mitia,
702 1870 808 1946 fruges,

52 1946 190 2005 Humano
201 1949 307 2024 generi,
321 1949 402 2007 vobis
415 1948 493 2024 qudd
506 1949 590 2006 thura
603 1949 753 2007 ministro?

53 2026 112 2083 Sed
125 2037 221 2083 tamen
235 2026 354 2084 exitium
367 2026 413 2084 fac
427 2046 474 2084 me
487 2026 640 2086 meruisse:
660 2028 728 2104 quid
740 2027 834 2098 undae,
855 2028 913 2085 290

52 2105 131 2169 Quid
144 2103 248 2163 meruit
260 2103 385 2161 fratem?
405 2123 457 2162 cur
469 2105 510 2161 illi
522 2105 627 2164 tradita
637 2119 713 2166 sorte

51 2183 181 2262 AEquora
194 2183 372 2253 decrescunt,
384 2193 415 2242 et
426 2185 463 2242 ab
476 2184 581 2243 aethere
594 2185 708 2263 longius
719 2186 845 2245 absunt?
936 2247 939 2253 ,

85 2339 93 2371 ¹
104 2345 197 2398 AEstus,
214 2343 255 2388 the
265 2341 371 2404 buming
381 2343 444 2389 hest.
478 2343 490 2373 ³
501 2343 569 2392 Ordo
579 2353 631 2403 θεὶς
652 2347 739 2393 Tamen
750 2347 813 2392 alma
828 2347 913 2400 Tellus,

50 2412 77 2451 at
91 2402 155 2468 (illa)
167 2413 216 2450 erat
228 2407 371 2453 circumdata
378 2415 449 2466 ponto
455 2408 516 2454 inter
522 2423 596 2468 aquas
601 2411 683 2469 pelagi
692 2410 798 2471 etsontes
808 2416 914 2456 centron·

48 2475 83 2514 tos
94 2470 196 2527 tradique
206 2470 247 2527 qui
256 2471 407 2516 condiderant
416 2473 473 2516 sein
484 2473 570 2517 ancora
582 2487 659 2530 opocoe
671 2474 759 2525 matria,
782 2473 853 2518 arido
863 2484 914 2519 sus-¹

50 2533 104 2578 sulit
116 2530 235 2592 omnismos
243 2532 319 2577 cultim
329 2540 396 2578 tenua
406 2533 469 2578 collo.
504 2531 515 2559 ⁸
525 2536 615 2580 Summe
625 2536 739 2590 Deorum,
749 2534 877 2594 Sovercign
889 2532 918 2581 ot

51 2594 168 2656 thegoda
186 2596 201 2640 i.
214 2609 234 2639 e.
252 2592 356 2652 Jupiter.
391 2593 492 2641 ‘Liceat
505 2593 716 2655 (nummatum.
748 2596 864 2649 'Levana
888 2604 914 2643 tn

50 2656 175 2716 alleviatc3
186 2664 212 2703 to
222 2655 304 2704 lescen.
339 2652 476 2712 “Fratema
487 2673 505 2704 a
523 2657 654 2718 nummus.
711 2685 714 2689 ²
