1912 3082
334 132 407 180 LIB.
427 134 451 181 1.
472 134 551 182 FAB·
572 134 622 184 Vl·

50 268 156 327 Celsior
170 268 233 345 ipse
247 268 322 336 loco,
337 281 504 347 sceptroque
518 271 631 330 innixus
645 273 762 344 eburno,

51 348 217 407 Terriiicam
230 349 333 424 capitis
344 351 486 407 concussit
501 362 599 428 terque
613 362 768 430 quaterque

51 427 212 495 caesariem,
227 446 295 483 cum
309 428 366 503 qua
379 438 490 498 terram,
505 449 592 499 mare,
608 431 707 499 sidera,
721 434 819 491 movit.
854 436 900 491 18(

36 526 39 531 ·
52 506 170 565 Talibus
184 506 253 563 inde
261 506 355 563 modis
369 526 419 565 ora
431 507 607 585 indignantia
621 508 713 568 solvit.

89 587 158 644 Non
168 604 224 661 ego
237 603 289 662 pro
303 586 400 643 mundi
414 606 502 663 regno
516 587 607 663 magis
621 587 722 646 anxius
736 589 785 648 illa

51 662 236 741 Tempestate
247 663 298 734 fui,
311 665 367 741 qua
378 677 493 722 centurn
508 665 626 742 quisque
636 669 775 743 parabant

50 742 172 820 Injioere
185 745 378 820 anguipedum
388 745 396 778 ¹
408 745 519 820 captivo
532 745 648 803 brachia
661 747 745 804 coelo.

51 821 136 892 Nam,
151 841 323 900 quamquam
337 822 413 880 ferus
423 824 513 881 hostis
525 834 594 892 erat,
606 833 702 882 tamen
714 825 785 882 illud
799 828 835 883 ab
849 846 906 883 uno

51 901 187 977 Corpore,
201 911 280 959 etex
288 903 346 959 uni
356 902 500 978 pendebat
514 902 622 978 origine
634 889 791 961 belluml(

51 979 138 1037 Nunc
152 979 230 1048 mihi,
246 981 302 1057 qua
319 991 411 1038 totum
426 980 537 1040 Nereus
548 981 738 1039 circumtonat
751 983 858 1050 orbem,

50 1057 234 1116 Perdendum
249 1059 368 1117 mortale
381 1079 480 1135 genus.
519 1060 574 1117 Per
587 1060 713 1130 flumina,
725 1063 799 1137 juro,

51 1137 150 1196 Infera
163 1139 215 1195 sub
225 1149 313 1195 terras
328 1139 427 1214 Stygio
441 1138 567 1196 labentia
580 1139 656 1206 luco,

51 1218 167 1275 Cuncta
176 1216 254 1293 priris
267 1226 395 1274 tentata:
416 1217 465 1274 sed
477 1216 685 1275 immedicabile
695 1216 797 1274 vulnus
851 1218 907 1273 190

10 1326 12 1331 ·
50 1295 130 1354 Ense
144 1296 338 1364 recidendum,
353 1315 389 1353 ne
402 1315 467 1372 pars
480 1296 590 1355 sincera
603 1297 739 1354 trahatur.

10 2400 16 2545 i

52 1375 127 1433 Sunt
141 1375 209 1431 mihi
225 1375 357 1444 Semidei‚
373 1384 439 1431 sunt
452 1375 557 1433 rustica
568 1374 693 1444 numina,
706 1374 855 1452 Nympbae,

50 1453 207 1530 Faunique,
223 1452 380 1530 Satyrique,
394 1464 423 1512 et
436 1454 597 1512 monticolae
612 1453 735 1521 Silvani;

52 1535 134 1598 Quos
144 1533 276 1609 quoniam
289 1532 353 1590 coeli
368 1532 495 1590 nondum
508 1532 657 1608 dignamur
669 1534 786 1601 honore,

50 1615 133 1677 Quas
147 1612 284 1681 dedimus,
299 1612 377 1669 certe
392 1622 480 1669 terras
490 1612 617 1670 habitare
629 1612 763 1670 sinamus.

51 1693 104 1749 An
115 1691 191 1759 satis,
205 1693 223 1748 d
242 1691 352 1768 Superi,
367 1700 444 1748 tutos
457 1691 517 1749 fore
529 1691 643 1748 creditis
654 1691 727 1760 illos,

51 1769 130 1830 cnm
143 1769 221 1838 mihi,
236 1771 283 1847 qui
296 1770 413 1839 fulmen,
428 1771 476 1847 qui
490 1788 540 1826 vos
550 1770 708 1848 habeoque,
720 1788 852 1847 regoque,

53 1849 196 1985 ‘traxerit
209 1848 324 1908 insidias
338 1860 422 1906 notus
434 1849 545 1907 feritate
557 1848 676 1925 Lycaon
686 1849 719 1906 ⁹?

60 1960 64 1965 ·
95 1928 297 1987 Confremuere
308 1948 415 1997 omneS,
430 1928 585 2004 studiisque
600 1929 765 1988 ardentibus
779 1947 879 1986 ausum

53 1977 304 2084 i’dmdeposcunt
315 2013 336 2064 ³.
378 2008 435 2077 Sic,
450 2007 517 2065 edm
528 2026 630 2065 manus
639 2013 652 2044 ⁴
661 2008 747 2085 impia
759 2008 837 2064 saevit
850 2007 908 2062 200

56 2082 200 2162 Sanguine
215 2088 344 2145 Caesareo
353 2089 365 2123 ὅ
374 2087 537 2144 Romanum
551 2087 719 2163 extinguere
733 2103 847 2152 nomeu,

54 2165 221 2227 Attonitum
233 2175 321 2223 tantae
335 2165 429 2223 subito
444 2175 550 2223 terrore
562 2165 649 2224 ruinae

55 2230 223 2303 Hu'tbanum
236 2264 328 2322 genus
341 2255 394 2315 est,
408 2254 542 2322 totusque
553 2241 710 2320 perhorruit
724 2240 810 2299 orbis.

85 2400 93 2430 ¹
104 2400 269 2465 Aaguipedum
280 2399 438 2467 (gigantum),
449 2402 478 2448 of
485 2403 525 2448 the
533 2398 697 2447 snake-footed
704 2401 788 2460 mones.
821 2397 831 2426 ²
843 2395 911 2443 Ordo

54 2472 106 2520 αἱς
120 2467 179 2514 cam
186 2469 292 2528 Lycaon,
312 2475 379 2513 notus
381 2467 488 2530 feritate,
509 2465 614 2510 struxerit
625 2465 721 2510 iusidias
732 2464 795 2512 urihi.
804 2462 846 2518 qui
857 2460 912 2521 (hu-

54 2530 153 2591 bmne,
163 2528 279 2591 regeque)
280 2531 385 2604 fulmen,
397 2532 438 2604 qui
448 2529 568 2586 habeoque,
579 2541 675 2586 rogoque
685 2525 746 2632 roal(
763 2521 912 2628 'O‘rqpaqsp'r

54 2585 767 2715 mmetffln

55 2718 96 2767 ib·
106 2716 272 2767 marion
282 2715 311 2764 of
320 2716 348 2764 C.
382 2717 445 2764 iilius
459 2715 545 2771 Cesar,
555 2729 578 2777 q.
589 2729 612 2763 v.
