1912 3082
525 39 560 79 *a

337 109 411 158 LIB.
431 111 455 157 1.
476 110 555 158 FAB.
574 112 641 158 vn.
888 112 922 168 17

65 244 154 302 Verba
168 244 248 301 datae
262 244 362 309 sortis¹
376 263 483 313 secum,
498 243 670 323 interneque
684 247 821 306 volutant.

65 322 130 380 Inde
144 320 348 381 Promethides
391 323 479 381 acidis
493 323 675 400 Epimethida
689 326 772 383 dictis
861 331 921 385 390

65 400 182 469 Mulcet,
198 411 238 468 et,
254 402 318 457 Aut
330 400 347 457 f
379 421 425 470 ax,
439 402 488 471 ait,
502 403 675 478 estaolertia
688 405 778 471 nobis,

66 481 122 537 Aut
134 481 184 557 pia
198 489 276 547 sunt,
291 479 455 555 nullumque
468 481 548 537 nefas
561 482 676 539 oracula
689 482 819 541 suadent.

65 557 169 635 Magna
182 576 288 634 parens
302 569 376 615 terra
388 568 449 625 θεῖς
468 558 576 635 lapides
583 559 619 615 in
633 556 753 635 corpora
764 573 846 630 terra

67 637 133 694 Orsa
145 655 212 694 reor
226 636 301 703 dici;
318 640 413 713 jacere
426 636 479 694 hos
491 646 557 713 post
570 648 650 712 terga
661 641 804 715 jubemur.

67 715 199 792 Conjugis
213 714 354 790 augurio²
366 733 525 790 quanquam
541 715 673 785 Titania³
687 715 765 773 mota
778 728 839 784 est;

66 793 131 876 Spes
145 806 246 851 tamen
261 793 290 849 in
304 792 391 849 dubio
405 804 465 849 estr
488 793 560 850 adad
575 794 739 855 coelestibus
752 798 838 852 ambo

65 873 202 930 Diffidunt
215 871 342 928 monitis.
383 870 440 928 Sed
452 870 520 946 quid
534 882 643 930 tentare
656 872 799 930 nocebit?

64 950 237 1019 Discedunt,
267 950 418 1024 velantque
431 960 526 1025 caput,
539 950 706 1026 tunicasque
719 951 885 1027 recingunt3

13 1090 16 1095 ,
65 1028 101 1086 Et
110 1033 206 1106 jussos
219 1028 329 1104 lapides
342 1046 394 1085 sua
406 1038 472 1103 post
483 1027 603 1103 vestigia
615 1028 742 1085 mittunt.

101 1108 185 1176 Saxa,
200 1107 265 1182 quis
278 1107 333 1163 hoc
346 1107 453 1173 credat,
466 1105 518 1163 nisi
532 1106 570 1162 sit
582 1125 634 1182 pro
648 1117 722 1164 testo
734 1108 883 1164 vetustas?

64 1185 171 1243 Ponere
184 1185 319 1242 duritiem
333 1184 454 1259 coepire,
468 1203 606 1259 suumque
619 1184 750 1260 rigorem,
858 1187 913 1242 401

12 1288 18 1335 ;
62 1263 227 1340 Mollirique
241 1263 328 1330 morai,
342 1262 505 1337 mollitaque
519 1262 623 1319 ducere
636 1263 764 1320 formam.

10 1390 15 1409 ,
63 1341 143 1410 Mox,
156 1342 209 1399 ubi
223 1353 382 1409 creverunt,
395 1352 552 1416 naturaque
565 1339 660 1398 mitior
672 1341 727 1398 illia

10 1422 15 1449 ²
64 1421 199 1496 Contigit,
213 1431 248 1476 ut
261 1420 399 1495 quaedum,
413 1419 454 1476 sic
467 1438 524 1475 non
538 1419 695 1487 manifesta,
709 1418 797 1476 videri

10 1494 19 1541 i
63 1498 164 1556 Forma
176 1509 274 1574 potest
287 1497 424 1563 hominis3
444 1497 504 1564 sed,
519 1498 562 1554 uti
575 1497 612 1554 de
625 1516 763 1555 marmore
776 1509 881 1573 coepto,

10 1580 19 1691 q
62 1576 128 1635 Non
141 1587 246 1634 exacta
260 1577 336 1642 satis,
349 1575 523 1651 rudibusque
536 1575 678 1633 simillima
691 1574 778 1651 signis
787 1580 810 1632 ⁴.

10 1694 16 1721 ,
63 1657 134 1719 Quae
147 1665 246 1713 tamen
259 1674 297 1711 ex
310 1654 364 1710 illis
376 1654 471 1729 aliquo
484 1673 549 1730 para
562 1651 678 1725 humida
691 1673 787 1723 succo,

10 1730 14 1769 ³
63 1733 101 1790 Et
114 1743 227 1790 terrena
238 1732 302 1800 fuit,
315 1751 396 1790 versa
408 1743 452 1790 eat
466 1732 495 1788 in
510 1732 633 1808 corporis
646 1751 738 1789 usum.

10 1816 15 1883 ζ
64 1812 148 1876 Quod
162 1810 285 1868 solidum
299 1821 351 1879 eet,
364 1811 497 1886 flectique
511 1808 617 1885 nequit,
631 1821 758 1867 mutatur
770 1809 798 1865 in
813 1829 876 1867 ossa
888 1835 896 1875 ς

64 1891 148 1954 Quod
161 1889 249 1946 modd
262 1907 336 1946 vena
347 1888 410 1957 fuit,
424 1891 477 1946 sub
492 1889 593 1946 eodem
606 1889 720 1947 nomine
733 1890 845 1946 mansit.

64 1969 152 2044 inque
165 1967 246 2026 brevi
259 1967 359 2044 spatio,
375 1967 546 2042 Superorum
560 1967 683 2033 numine,
698 1985 767 2024 saxa
856 1968 911 2022 411

64 2047 153 2104 Missa
165 2047 217 2103 viri
230 2046 362 2105 manibus
373 2044 476 2103 faciem
489 2045 601 2103 traxere
613 2045 737 2112 virilem;

13 2160 17 2165 -
66 2125 103 2182 Et
115 2125 153 2182 de
164 2125 290 2182 femineo
302 2133 432 2201 reparata
445 2134 489 2180 est
501 2122 608 2180 femina
617 2126 706 2200 Jactu.

66 2203 133 2260 inde
146 2222 239 2279 genus
252 2202 354 2259 durum
367 2220 473 2270 numus,
487 2200 690 2277 experiensque
702 2201 848 2268 laborum3

67 2280 102 2340 Et
114 2282 289 2339 documenta
302 2281 410 2350 domun
424 2279 481 2356 quai
493 2279 580 2336 simun
593 2279 701 2356 origine
713 2279 783 2337 nati.

12 2334 27 2431 i
907 2350 953 2433 q

15 2436 27 2477 i
95 2437 103 2466 ¹
114 2430 230 2498 Repetunt
240 2439 305 2484 verbo
313 2440 374 2483 datm
384 2438 448 2483 nnis
459 2437 552 2483 oisemo
566 2437 632 2482 coecis
642 2437 740 2489 latebris,
760 2437 814 2495 they
825 2435 915 2494 ponder

69 2501 104 2546 dre
113 2501 190 2576 ,ποιᾶς
200 2500 229 2545 of
242 2502 282 2544 the
292 2500 361 2560 given
373 2513 463 2544 answer
473 2498 580 2544 involved
592 2499 616 2543 in
628 2497 687 2543 darie
699 2509 808 2557 mystery.
840 2497 914 2540 ¹An-

71 2577 137 2669 §Pm‘
152 2566 182 2624 by
194 2563 235 2608 the
245 2561 430 2619 interpretation,
445 2561 476 2620 by
492 2561 531 2606 the
542 2558 682 2621 conjectura.
713 2559 724 2586 ⁸
737 2561 849 2606 inania:
871 2557 914 2601 Sea

92 2636 144 2671 iton.
179 2624 387 2685 ‘Srgninntatuen
499 2686 517 2740 3

24 2730 31 2763 Ι
465 2702 484 2740 Β
