1912 3082
58 129 98 184 82
357 131 609 180 Memnonen.

58 266 186 325 Discutit
199 285 264 326 ossa
276 267 365 326 ferox.
402 268 477 325 Tum
491 267 613 344 denique
627 265 741 324 concita
754 276 855 336 mater,
949 308 953 337 :

60 346 118 405 Seu
131 347 212 404 dolor
224 347 281 405 hoc
293 348 371 418 iecit,
385 368 436 406 seu
450 348 539 425 sparsi
552 366 639 405 causa
651 346 763 416 veneni,

59 424 206 496 Exululat,
219 428 365 504 passisque
377 427 452 504 fugit
465 427 540 485 male
553 446 623 484 sana
636 425 754 501 capillis.
854 426 914 482 520

60 503 159 582 Teque
172 505 265 564 ferens
278 526 396 583 parvum
409 507 501 575 nudis,
517 506 676 574 Melicerta,
690 503 814 574 lacertis,

60 583 149 654 Evoe',
165 586 288 655 Bacche,
302 596 394 643 sonat.
434 585 541 643 Bacchi
555 587 608 642 sub
622 583 737 641 nomine
749 583 829 642 Juno

61 662 153 731 Risit;
173 675 211 733 et,
227 665 291 721 Hos
305 683 373 722 usus
386 675 502 741 praestet
515 664 577 733 tibi,
592 663 673 732 dixit,
688 663 830 721 alumnus.

101 743 235 800 Imminet
248 744 408 819 aequoribus
421 743 573 820 scopulus:
586 758 652 819 pars
665 742 723 800 ima
736 752 855 801 cavatur

61 819 218 890 Fluctibus,
232 833 262 879 et
276 833 367 880 tectas
381 823 509 880 defendit
522 825 559 880 ab
574 822 712 880 imbribus
726 821 836 888 undasr

62 899 179 958 Summa
192 902 274 977 riget,
288 901 467 979 fmntemque
480 901 510 958 in
523 911 653 978 apertum
667 899 786 977 porrigit
798 918 904 977 aequot.

61 977 194 1055 Occupat
207 981 293 1050 huuc,
307 981 380 1039 vires
392 981 502 1039 insania
512 981 629 1050 fecerat,
643 981 714 1047 lno;

63 1057 157 1134 Seque
170 1079 255 1137 super
267 1071 397 1137 pontum,
410 1061 490 1118 nullo
504 1060 615 1118 tardata
628 1059 739 1128 timore,

61 1136 165 1207 Mittit,
180 1158 308 1216 onusque
322 1159 405 1197 suum
414 1144 440 1198 ¹:
459 1158 594 1216 percussa
605 1137 755 1196 recanduit
767 1136 856 1196 unda.

103 1221 146 1275 At
154 1219 252 1276 Venus
266 1220 413 1277 immeritor
426 1220 540 1296 neptis²
552 1218 684 1276 miserata
696 1216 819 1286 labores,
855 1217 916 1274 53⁰

64 1295 111 1353 Sic
124 1302 246 1372 patruo³
260 1297 388 1354 blandita
402 1317 454 1355 suo
467 1310 529 1356 est:
551 1297 578 1355 O
592 1315 699 1354 numen
711 1315 861 1372 aquarum,

62 1374 196 1432 Proxima
209 1375 255 1432 cui
269 1375 343 1432 coelo
357 1377 451 1446 cessit,
467 1377 611 1454 Neptune,
625 1385 761 1452 potestas,

62 1451 172 1528 Magna
185 1454 300 1529 quidem
312 1473 421 1530 posco;
440 1456 491 1513 sed
504 1466 538 1513 tu
550 1456 683 1513 miserere
696 1472 835 1524 meorum,

61 1531 170 1590 lactari
184 1552 255 1609 quos
268 1533 360 1591 cernis
373 1534 404 1591 in
417 1534 499 1592 liinio
513 1535 660 1603 immenso,

63 1610 103 1669 Et
116 1613 171 1669 Dis
185 1612 259 1670 adde
273 1612 347 1670 tuis:
369 1613 476 1690 Aliqua
489 1625 519 1672 et
532 1613 600 1670 mihi
614 1611 705 1689 gratia
717 1621 809 1688 ponto
822 1621 876 1671 est.

64 1691 94 1748 Si
108 1702 205 1749 tamen
218 1692 248 1749 in
261 1692 309 1749 dio
323 1693 467 1769 quondam
480 1704 614 1751 concreta
626 1691 768 1769 pmfundo

65 1770 172 1847 Spuma
185 1771 236 1841 fui,
251 1771 426 1849 Graiumque
439 1784 537 1832 manet
550 1772 619 1829 mihi
632 1771 761 1828 nomen4
772 1770 812 1830 ab
825 1768 881 1827 illl.

64 1851 176 1908 Annuit
189 1852 302 1909 oranti⁵
317 1852 486 1929 Neptunus;
506 1863 537 1911 et
550 1851 668 1910 abstulit
680 1850 745 1919 illis,

64 1930 150 1993 Quod
164 1931 283 1989 mortale
295 1932 360 2000 fuit,
375 1936 610 2009 majestatemque
622 1929 776 1988 verendam

63 2009 213 2084 Imposuit,
227 2029 389 2086 nomenque
402 2011 485 2068 simul
499 2011 658 2085 faciemque
671 2008 803 2074 novavit;
856 2006 916 2065 540

63 2085 288 2164 Leucotho'e'que
302 2089 399 2146 Deum
413 2107 479 2146 cum
493 2100 584 2147 matre
598 2088 761 2147 Palaemoua
774 2085 857 2144 dixit.

94 2242 102 2272 ¹
116 2248 187 2292 Suum
198 2261 261 2298 onus,
274 2246 289 2292 i.
297 2261 317 2292 e.
331 2246 483 2294 Melicerten.
517 2246 528 2275 ¹
538 2249 631 2307 Neptis,
640 2246 684 2293 her
693 2242 916 2308 grand-daughters

65 2306 112 2353 lno
122 2323 170 2353 was
181 2323 195 2353 a
204 2307 322 2369 daughter
332 2309 360 2354 of
370 2307 511 2362 Hermttne.
522 2311 563 2356 the
570 2310 688 2372 daughter
696 2308 724 2355 of
734 2308 801 2354 Mars
810 2306 859 2354 und
868 2306 917 2352 Va-

63 2385 117 2416 nus.
144 2369 153 2397 ¹
165 2373 261 2424 Potruo,
274 2372 317 2416 her
327 2371 405 2428 uncle,
415 2375 431 2420 i.
441 2389 460 2420 e.
471 2373 607 2432 Neptirnus.
636 2370 775 2432 According
785 2379 812 2416 to
821 2370 871 2416 this
879 2382 917 2415 ra·

65 2432 201 2492 lotionship‚
214 2433 298 2480 Venus
309 2450 357 2481 was
367 2436 406 2481 the
416 2435 533 2498 daughter
541 2437 570 2482 ol
577 2435 595 2484 J
596 2434 673 2494 opiter
679 2434 728 2481 and
739 2433 831 2488 Dione,
838 2429 917 2478 which

63 2496 84 2542 is
94 2505 136 2542 not
146 2496 219 2557 easily
230 2498 362 2545 reconciled
371 2498 427 2544 with
438 2500 480 2546 her
490 2499 578 2561 having
594 2513 685 2559 sprung
695 2497 806 2554 fromthe
816 2495 882 2543 soam
892 2491 920 2541 oi

63 2561 104 2606 the
114 2574 160 2615 sea,
178 2561 350 2608 asmentioned
361 2577 376 2607 a
386 2562 433 2608 few
443 2562 504 2609 lines
514 2563 598 2610 below.
632 2561 753 2609 ‘Graiam
769 2574 860 2614 nonen,
876 2571 917 2618 my

66 2622 146 2669 Greek
155 2637 231 2678 name,
240 2627 257 2670 i.
265 2639 286 2670 e.
300 2624 440 2683 Aphrddito.
449 2625 511 2672 lrom
517 2629 601 2686 oplror
609 2621 706 2698 (cogas),
716 2622 790 2670 scam.
807 2621 917 2669 'Annuit

57 2690 141 2792 pronti
151 2683 274 2750 (Veneri),
285 2687 387 2748 granted
394 2697 419 2735 to
436 2691 510 2737 Venas
520 2697 670 2751 entreatrng3
686 2683 783 2735 nodded
798 2692 880 2733 ment
887 2690 915 2731 to

77 2759 214 2812 erteqoest.
