1912 3082
319 108 392 156 Lm.
411 110 467 157 111.
488 108 568 157 ΕΔΒ.
588 110 624 156 X·
874 104 913 157 69

54 244 165 321 Sponte
179 241 234 300 sud
245 241 320 300 fama
330 254 382 313 est,
396 244 475 301 nullo
489 244 625 313 solvente,
640 254 765 302 catenas.
855 245 913 299 700

91 323 209 381 Perstat
224 321 414 389 Echionides;
427 342 481 380 nec
492 327 551 401 jam
562 326 644 400 jubet
658 322 699 381 ire
708 327 726 391 ¹,
739 323 788 381 sed
802 323 863 399 ipse

55 402 148 471 Vadit,
163 401 226 469 ubi,
241 401 351 458 electus
361 401 492 459 facienda
505 403 542 460 ad
554 420 643 470 sacra,
657 402 800 459 Cithaeron

10 528 13 555 ,
55 480 195 539 Cantibus
209 490 241 537 et
252 479 329 536 clara
342 481 533 538 bacchantbm
544 499 615 539 voce
630 482 759 538 sonabat.

10 562 14 641 Ι
55 558 96 617 Ut
106 559 205 617 fremit
216 577 284 616 acer
296 578 388 634 equus
399 563 419 627 ²,
433 558 500 615 crim
512 559 632 617 bellicus
646 578 702 617 scre
716 578 821 617 canoro

56 638 141 714 Signa
154 638 238 695 dedit
253 637 379 705 tubicen,
393 657 553 714 pugnaeque
567 639 684 696 assumit
698 657 841 696 amorem:

54 717 184 775 Penthea
193 716 236 774 sic
249 716 324 774 ictus
336 717 428 792 longis
444 716 599 774 ululatibus
610 718 699 775 aetber

10 784 14 821 ¹
53 795 146 853 Movit
157 818 167 863 ;
187 805 218 852 et
233 794 331 852 audito
344 795 476 871 clangore
488 795 638 852 recanduit
651 796 700 853 ira.

90 874 198 932 Monte
212 873 273 931 fere
286 873 380 931 medio
394 885 446 943 est,
465 874 645 950 cingentibus
657 875 757 933 ultima
769 875 852 943 silvis,

54 952 144 1012 Pauus
158 954 199 1011 ab
213 953 370 1021 arboribus,
383 953 546 1028 spectabilis
560 954 685 1030 undique
700 974 817 1030 campus
826 959 846 1010 ³.

56 1030 110 1090 Hic
120 1029 216 1090 oculis
230 1030 310 1088 illum
324 1041 487 1089 cernentem
500 1051 580 1089 sacra
593 1033 717 1108 profanis
855 1035 913 1088 710

13 1118 17 1167 ,Ι
55 1108 147 1169 Prima
158 1110 250 1179 videt,
264 1110 354 1187 prima
368 1121 412 1168 est
424 1111 523 1168 insano
538 1111 651 1168 concita
664 1122 754 1179 motu,

55 1189 146 1248 Prima
157 1209 245 1247 suum
257 1188 343 1246 misso
357 1189 471 1247 violavit
485 1189 615 1248 Penthea
627 1191 724 1266 thyrso

54 1266 170 1327 Mater:
190 1269 236 1336 16,
250 1267 378 1343 geminae,
393 1267 533 1337 clamavit,
547 1269 646 1326 adeste
658 1288 776 1327 sorores.

54 1346 105 1406 Ille
117 1365 198 1424 aper,
215 1346 246 1402 in
259 1344 361 1405 nostris
375 1358 449 1405 errat
481 1347 510 1403 ui
523 1348 663 1405 maximus
674 1348 758 1424 agria,

54 1426 105 1485 llle
115 1426 188 1483 mihi
199 1425 342 1483 feriendus
352 1445 428 1502 aper.
463 1367 540 1483 tituit
554 1426 645 1484 omnis
659 1427 687 1482 in
697 1447 785 1484 unum

55 1504 153 1564 Turba
164 1504 273 1562 furens.
318 1506 437 1563 Cunctae
449 1509 563 1573 co'e'unt,
577 1516 743 1582 cunctaeque
758 1516 914 1581 sequuntur

54 1584 117 1643 Jam
131 1583 288 1660 trepidum,
298 1585 358 1660 jam
371 1585 457 1640 verba
469 1582 563 1641 mimis
574 1583 698 1642 violenta
711 1586 884 1661 loquentem,

55 1664 118 1721 Jam
133 1682 167 1721 se
181 1663 374 1731 damnantem,
389 1667 448 1738 Jam
463 1682 494 1720 se
506 1662 641 1739 peccasse
654 1662 802 1722 fatentem.

56 1742 177 1800 Saucius
191 1740 239 1798 ille
251 1751 357 1809 tamen,
372 1741 425 1797 Fer
439 1760 531 1817 opem,
542 1752 703 1811 matertera,
718 1742 799 1811 dixit,

56 1824 214 1879 Autonoe:
235 1830 368 1877 moveant
381 1818 489 1877 animos
505 1820 650 1878 Actaeonis
662 1823 779 1879 umbrae.
856 1823 914 1876 720

56 1898 115 1969 Illa,
130 1899 201 1977 quid
213 1899 344 1967 Actaeon,
355 1898 465 1965 nescit;
477 1898 662 1975 dextramque
674 1898 802 1977 precanti

56 1977 202 2046 Abstulit3
224 1977 296 2034 Indo
310 1977 434 2035 lacerata
446 1988 490 2035 est
499 1977 589 2035 altera
601 1989 694 2054 raptu.

57 2054 122 2114 Non
132 2057 225 2114 babet
236 2055 334 2113 infelix
344 2075 408 2132 quae
419 2056 502 2114 matri
512 2056 628 2115 brachia
639 2058 739 2115 tendat
750 2079 758 2115 r

19 2110 25 2193 1.
58 2133 174 2193 Trunca
187 2134 240 2192 sed
250 2134 405 2192 ostendens
419 2135 544 2212 disjectis
558 2155 675 2212 corpora
687 2136 830 2205 membris,

57 2214 193 2291 Adspice,
206 2223 307 2282 mater,
316 2214 364 2270 ait.
405 2214 480 2271 Visis
494 2214 612 2273 ululavit
626 2217 744 2291 Agave;

50 2290 195 2370 collaque
207 2292 334 2369 jactavit,
344 2292 488 2369 movitque
501 2312 552 2370 per
565 2297 631 2353 a'e'ra
645 2295 751 2352 crinem
763 2317 771 2361 ;

20 2376 28 2411 :·
58 2372 256 2446 Avulsumque
270 2381 357 2446 caput
371 2370 465 2447 digitis
480 2372 629 2447 complexa
642 2372 766 2431 cruentis

58 2448 179 2520 Clamat,
193 2450 229 2507 Ιὸ
240 2450 368 2518 comites,
383 2468 455 2527 opus
468 2451 530 2507 haec
543 2451 661 2508 victoria
674 2461 803 2509 nostrum
817 2461 870 2509 est.

86 2604 173 2659 'Iubet
186 2605 313 2669 (famulos)
324 2611 364 2655 ire.
396 2606 406 2636 '
417 2611 479 2655 Acer
486 2624 563 2667 epotos,
572 2624 585 2654 a
594 2608 690 2654 metrled
700 2608 773 2666 stood,
784 2623 798 2654 a
808 2614 917 2664 rampant

61 2684 158 2719 tormer.
197 2670 208 2698 ⁸
221 2670 288 2716 Ordo
298 2681 349 2724 est;
370 2673 414 2717 Est
426 2687 519 2730 compos
528 2687 601 2730 parnt
623 2675 651 2716 ob
669 2673 794 2721 arboribus.
805 2669 916 2727 spectabi-

61 2734 85 2781 b'r
94 2734 264 2797 andiqrte,serr
274 2737 346 2781 medio
356 2743 436 2790 monte,
446 2736 508 2782 tt'lor'a
520 2736 663 2797 cingentibus
675 2737 760 2784 uitiata
771 2729 861 2799 roab.
