1912 3082
327 133 399 184 tls.
419 136 474 185 111.
494 137 575 185 Fau.
594 136 633 183 11.
867 136 906 193 53

50 273 127 339 Quae,
141 290 307 348 quanquam
321 271 456 330 comitum
471 273 555 331 turba
567 272 672 348 stipata
683 291 807 341 suarum,

52 351 86 407 ln
97 350 170 409 latus
185 350 337 428 obliquum
350 362 446 409 tamen
457 352 575 422 adstitit,
592 370 698 427 oraque
710 362 787 411 retro

47 428 153 498 flexit3
174 440 206 488 et
218 441 254 488 ut
266 429 354 488 vellet
366 441 512 507 promptas
525 431 659 490 habuisse
673 431 800 507 sagittas,

45 510 122 574 Quas
135 509 249 578 habuit,
264 509 305 568 sic
318 509 412 568 hausit
425 528 531 586 aquas;
549 511 717 587 vultumque
729 510 836 569 virilem

45 587 193 655 Perlirdit3
213 607 406 666 spargensque
419 607 515 647 comas
528 589 676 648 ultricibus
689 589 783 659 undis,
848 594 903 650 190

45 667 167 727 Addidit
180 667 245 726 haec
256 667 345 726 cladis
358 668 515 744 praenuntia
527 670 613 726 verba
625 668 745 726 iirturae:

43 745 130 804 Nunc
143 745 199 804 tibi
211 766 260 805 me
271 747 365 823 posito
378 747 467 804 visam
480 746 619 804 velamine
631 764 734 816 narres,

43 825 71 882 Si
84 825 197 901 poteris
210 844 332 894 narrare,
347 824 424 883 licet.
464 825 528 883 Nec
541 825 623 902 plura
635 826 752 895 minata,

42 904 101 962 Dat
115 923 217 981 sparso
229 904 317 981 capiti
329 904 434 963 vivacis
447 923 554 962 cornua
567 904 661 962 cervi:

43 983 102 1042 Dat
114 982 245 1060 spatium
258 983 332 1042 collo
344 1006 351 1050 ς
372 992 552 1059 summasque
563 983 724 1041 cacuminat
738 1002 837 1052 aures;

43 1062 115 1120 Cum
128 1062 310 1139 pedibusque
323 1081 434 1132 manus,
448 1080 515 1119 cum
528 1061 621 1138 longis
633 1061 750 1119 brachia
763 1074 855 1121 mutat

42 1141 182 1199 Crurihus
194 1164 202 1208 ;
222 1151 253 1199 et
265 1141 342 1199 velat
354 1140 500 1198 maculoso
512 1140 617 1198 vellere
630 1158 742 1216 corpus.

41 1220 170 1279 Additus
183 1230 215 1278 et
226 1239 314 1296 pavor
327 1231 390 1279 este
409 1218 484 1296 fugit
498 1221 679 1278 Autonoeius
692 1219 784 1288 heros,

41 1298 80 1356 Et
93 1318 127 1358 se
141 1310 204 1357 tam
218 1298 339 1357 celerem
354 1318 437 1357 cursu
452 1300 569 1357 miratur
582 1299 611 1355 in
625 1298 696 1375 ipso.

79 1378 124 1437 Ut
137 1378 208 1436 verd
222 1377 312 1437 solitis
325 1397 377 1436 sua
390 1397 497 1436 cornua
510 1378 580 1436 vidit
593 1378 623 1434 in
637 1378 729 1447 undis,
844 1381 903 1437 200

42 1455 93 1514 Me
107 1456 264 1516 miserum!
280 1458 407 1516 dicturus
420 1467 497 1515 erat:
518 1475 574 1514 vos
588 1456 667 1514 nulla
680 1467 779 1516 secuta
790 1469 843 1516 est

40 1534 189 1612 Ingemuit
200 1559 208 1603 3
227 1555 285 1593 vox
298 1536 346 1594 illa
358 1535 413 1594 fuit
425 1560 433 1604 ;
450 1537 638 1614 lacrymaeque
651 1554 766 1612 perora

41 1614 109 1672 Non
122 1633 176 1673 sna
187 1616 349 1674 fluxerunt:
367 1616 454 1673 Mens
467 1616 580 1673 tantdm
593 1615 710 1691 pristina
723 1615 836 1673 mansit.

42 1694 121 1759 Quid
135 1694 248 1752 faciat?
264 1705 413 1771 repetatne
423 1694 548 1763 domum,
564 1704 593 1752 et
605 1694 711 1770 regalia
724 1695 823 1752 tecta?

42 1775 91 1830 An
103 1774 196 1831 lateat
209 1773 310 1831 silvis?
329 1774 414 1832 timor
427 1774 491 1842 hoc,
505 1774 597 1850 pudor
609 1773 729 1850 impedit
742 1773 821 1830 illud.

81 1853 165 1911 Dum
178 1852 300 1923 dubitat,
314 1853 410 1911 videre
425 1872 526 1912 canes:
544 1853 707 1930 primusque
721 1852 885 1930 Melampus

42 1930 275 2008 Ichnobatesque
286 1951 375 2010 sagax
387 1933 492 1991 latratu
506 1933 587 2009 signa
604 1932 726 1998 dedere3

44 2009 188 2069 Gnossius
200 2011 381 2077 Ichnobates,
396 2012 535 2088 Spartani
545 2021 633 2088 gente
646 2010 819 2088 Melampus.

43 2088 116 2146 Inde
130 2101 218 2149 ruunt
231 2091 278 2149 alii
291 2091 390 2168 rapida
400 2091 526 2148 velocids
539 2091 617 2159 auris,
845 2092 902 2146 209

43 2166 236 2246 Pamphagus,
247 2182 278 2229 et
287 2172 427 2239 Dorceus,
441 2181 471 2228 et
482 2169 629 2238 Oribasus,
644 2169 773 2227 Arcades
787 2188 902 2236 omnen

44 2245 311 2326 Nebrophonosque
323 2250 429 2318 valens,
443 2260 473 2308 et
486 2260 554 2307 trux
567 2268 633 2307 cum
645 2247 760 2324 Laelape
775 2248 897 2316 Theron,

45 2324 83 2385 Et
93 2328 219 2405 pedibus
233 2329 369 2398 Pterelas,
383 2339 412 2387 et
426 2328 541 2386 naribus
555 2327 632 2385 utilis
645 2327 732 2404 Agre,

45 2404 223 2484 Hylaeusque
236 2408 296 2467 fero
309 2428 400 2486 nuper
411 2426 562 2484 percussus
575 2409 612 2465 ab
626 2425 704 2484 apro,

44 2483 149 2563 Deque
162 2486 232 2563 lupo
246 2498 387 2565 concepta
401 2488 492 2564 Nape,
506 2485 689 2562 pecudesque
703 2497 802 2544 secuta

44 2562 199 2635 Poemenis,
213 2577 243 2625 et
256 2566 331 2626 natis
344 2566 479 2624 comitata
494 2564 623 2642 Harpyia
635 2565 757 2631 duobus,

45 2640 82 2701 Et
94 2645 253 2705 substricta
265 2666 366 2722 gerens
382 2645 531 2722 Sicyonius
545 2645 594 2701 ilia
606 2643 717 2710 Ladon,

43 2720 82 2779 Et
93 2723 229 2791 Dromas,
242 2736 272 2781 et
286 2727 404 2791 Canace,
422 2723 584 2803 Sticteque,
597 2734 628 2785 et
640 2722 750 2805 Tigris,
763 2729 797 2782 et
816 2717 904 2789 Alte,

36 2798 77 2854 Et
83 2801 176 2854 niveis
184 2800 310 2868 Leucon,
326 2814 357 2858 et
371 2802 448 2862 villis
463 2807 602 2871 Asbolus
618 2808 707 2884 attis,

443 2885 471 2935 Ε
486 2897 500 2938 3
