1912 3082
332 121 405 169 LlB.
425 121 476 169 xl.
496 121 577 169 ΕΑΒ.
596 121 631 168 Χ.
853 118 906 172 l2l

277 272 685 330 METAMORPHOSEON

391 413 506 460 LIBER
524 413 573 460 XI.

166 513 242 588 Ceyx
254 523 280 569 et
292 511 437 587 Halcyone
449 514 480 569 ira
492 511 644 586 halcpmter.
686 528 758 568 rau.
773 530 801 568 x.

16 666 21 671 ·
54 639 200 696 quenes
213 636 362 712 fratrisque
376 636 419 694 sui
429 637 446 705 ¹,
460 637 630 712 fratremque
644 635 749 693 secutis
845 638 903 695 tto

60 716 153 773 Anxia
166 715 300 792 prodigiis
314 717 444 773 turbatus
457 727 574 792 pectora
588 716 678 791 Ceyx,

54 795 195 854 Consulat
208 805 241 850 ut
254 813 356 862 sacras,
368 794 513 851 hominum
528 793 724 861 oblectamina,
739 804 838 863 sortes,

56 873 106 930 Ad
120 872 245 930 Clarium
258 883 340 948 parat
352 872 393 930 ire
408 872 522 930 Deum:
543 891 608 930 nam
623 872 729 949 templa
740 874 875 949 profanus

55 951 157 1008 Invia²
170 970 236 1007 cum
252 950 384 1027 Phlegyis
395 951 518 1008 faciebat
533 951 673 1027 Delphica
688 952 823 1009 Phorbas.

56 1029 175 1087 Consilii
188 1041 284 1087 tamen
298 1031 365 1087 ante
380 1029 432 1098 sui,
447 1029 589 1097 fidissima,
604 1041 710 1086 certam

56 1108 100 1166 Te
112 1107 190 1177 facit,
207 1108 373 1183 Halcyone;
394 1108 439 1165 cui
454 1107 581 1185 protinus
595 1107 693 1164 intima
706 1106 793 1183 frigus

56 1187 131 1245 Ossa
144 1198 319 1264 receperunt,
333 1189 467 1262 buxoque
482 1185 638 1243 simillimus
652 1204 701 1243 ora

56 1266 151 1324 Pallor
164 1266 234 1334 obit,
248 1265 435 1342 lacrymisque
448 1284 529 1342 genre
543 1264 676 1322 maduere
689 1263 818 1342 profusis.

96 1343 154 1402 Ter
167 1354 270 1402 conata
283 1344 368 1420 loqui,
384 1355 427 1401 ter
440 1345 554 1402 fletibus
568 1362 616 1401 ora
629 1344 745 1420 rigavit:

57 1422 246 1500 singultuque
259 1422 320 1499 pias
331 1423 552 1500 interrumpente
566 1424 702 1499 querelas,
842 1424 902 1481 420

56 1502 129 1566 ouae
142 1520 208 1559 mea
220 1501 305 1578 culpa
318 1510 405 1571 tuam,
420 1502 500 1572 dixit,
512 1501 663 1571 carissime,
677 1511 802 1559 mentem

56 1580 176 1638 Vertit?
196 1579 245 1636 ubi
259 1589 311 1648 est,
326 1600 388 1656 quae
402 1599 470 1638 cura
483 1583 539 1637 mel
552 1580 630 1656 priris
643 1599 705 1638 esse
718 1579 850 1638 solebat?
879 1597 882 1601 ’

55 1658 122 1716 Jam
136 1668 218 1734 potes
233 1658 384 1734 Halcyone
395 1659 528 1716 securus⁸
542 1660 642 1715 abesse
655 1656 771 1716 relicta!

55 1736 122 1794 Jam
135 1736 182 1794 via
193 1736 279 1812 longa
292 1736 405 1812 placet!
427 1737 493 1794 Jam
508 1755 569 1792 sum
584 1735 635 1792 tibi
649 1735 740 1793 carior
752 1735 872 1796 absens!

55 1817 107 1884 At,
121 1826 201 1891 puto,
215 1834 266 1891 per
279 1825 366 1872 terras
380 1815 433 1872 iter
445 1825 496 1883 est,
511 1814 678 1891 tantumque
692 1814 804 1882 dolebo,

56 1891 123 1951 Non
137 1894 223 1952 etiam
236 1905 378 1960 metuam3
398 1913 528 1969 curaeque
541 1893 641 1951 timore
653 1894 800 1951 carebunt.

56 1971 184 2049 AEquora
197 1991 243 2030 me
257 1981 372 2041 terrent,
386 1982 415 2030 et
428 1972 508 2048 ponti
522 1971 608 2028 tristis
622 1971 725 2048 imago.

56 2049 96 2108 Et
108 2050 236 2109 laceras⁴
251 2069 341 2127 nuper
354 2051 465 2108 tabulas
478 2051 508 2107 in
521 2051 603 2108 litore
616 2051 682 2120 vidi,

57 2127 97 2188 Et
110 2149 185 2207 saepe
198 2128 229 2186 in
242 2128 358 2187 tumulis
371 2128 431 2186 sine
442 2133 581 2207 corpore³
594 2130 710 2188 nomina
723 2128 788 2206 legi.

87 2285 96 2316 ¹
106 2290 148 2335 riui
148 2288 247 2351 fratris,
265 2286 294 2332 of
300 2287 338 2333 his
347 2288 448 2341 brother,
459 2291 475 2335 i.
484 2303 502 2334 e.
516 2287 650 2340 Daedttton.
661 2305 682 2348 q.
693 2305 713 2335 o.
736 2289 830 2345 'Invia
839 2287 903 2334 inae·

55 2349 168 2397 casubla:
190 2349 234 2396 See
246 2349 359 2396 Phorbas.
393 2349 515 2405 'Securae
527 2351 668 2398 unanxious.
701 2350 828 2405 ‘Luceres
838 2352 901 2396 shat-

54 2411 127 2467 teterl,
133 2411 176 2458 vis.
185 2412 245 2459 alter
251 2409 388 2471 shipwreck.
404 2413 548 2460 ‘Intumuit
556 2416 743 2474 discerperem
751 2416 828 2460 tombs
836 2413 904 2458 with-

54 2473 199 2535 outabody,
209 2477 226 2522 ἰ.
240 2491 260 2521 e.
273 2489 305 2521 on
318 2486 398 2535 empty
408 2477 484 2521 tombs
495 2474 592 2532 (tumuli
603 2478 705 2538 inanes),
722 2490 749 2520 or
762 2475 903 2533 Cenotaphs.

57 2535 80 2583 Α
91 2545 235 2583 monument
251 2536 343 2584 orected
355 2546 380 2584 to
392 2553 438 2584 one
453 2536 537 2583 buried
548 2537 680 2592 elsewhere,
690 2551 755 2584 more
766 2537 901 2596 commonly

55 2598 80 2644 in
88 2600 186 2646 socient
191 2599 266 2654 times,
276 2608 301 2646 to
309 2614 354 2646 one
361 2602 439 2647 whose
445 2599 507 2659 botly
512 2599 559 2645 had
566 2609 608 2645 not
614 2601 674 2646 been
682 2599 764 2654 t'ound,
772 2615 820 2646 was
828 2597 904 2651 called

53 2665 157 2711 tuamor
168 2664 247 2710 inanis
257 2664 290 2724 by
300 2663 340 2709 tbe
351 2662 441 2719 Latine,
453 2661 502 2708 and
514 2664 708 2724 Cenotapblon'by
718 2664 758 2708 the
773 2662 870 2708 Greeks.

466 2723 492 2782 L
