<?xml version="1.0" encoding="UTF-8"?>
<!DOCTYPE html PUBLIC "-//W3C//DTD XHTML 1.0 Transitional//EN"
    "http://www.w3.org/TR/xhtml1/DTD/xhtml1-transitional.dtd">
<html xmlns="http://www.w3.org/1999/xhtml" xml:lang="en" lang="en">
 <head>
  <title>
</title>
<meta http-equiv="Content-Type" content="text/html;charset=utf-8" />
  <meta name='ocr-system' content='tesseract 3.04.00' />
  <meta name='ocr-capabilities' content='ocr_page ocr_carea ocr_par ocr_line ocrx_word'/>
</head>
<body>
  <div class='ocr_page' id='page_1' title='image "./decerptaexpovid00dymogoog_0175.png"; bbox 0 0 1912 3082; ppageno 0'>
   <div class='ocr_carea' id='block_1_1' title="bbox 67 116 616 194">
    <p class='ocr_par' dir='ltr' id='par_1_1' title="bbox 67 116 616 194">
     <span class='ocr_line' id='line_1_1' title="bbox 67 116 616 194; baseline -0.004 0"><span class='ocrx_word' id='word_1_1' title='bbox 67 139 124 194; x_wconf 75' lang='lat'><strong>122</strong></span> <span class='ocrx_word' id='word_1_2' title='bbox 368 116 616 192; x_wconf 75' lang='lat' dir='ltr'><strong>irnrnnourn.</strong></span> 
     </span>
    </p>
   </div>
   <div class='ocr_carea' id='block_1_2' title="bbox 60 277 916 1930">
    <p class='ocr_par' dir='ltr' id='par_1_2' title="bbox 65 277 916 591">
     <span class='ocr_line' id='line_1_2' title="bbox 105 277 916 355; baseline 0.007 -20"><span class='ocrx_word' id='word_1_3' title='bbox 105 279 185 335; x_wconf 91' lang='lat' dir='ltr'><strong>Neve</strong></span> <span class='ocrx_word' id='word_1_4' title='bbox 199 289 280 335; x_wconf 90' lang='lat' dir='ltr'><strong>tuum</strong></span> <span class='ocrx_word' id='word_1_5' title='bbox 293 277 380 336; x_wconf 79' lang='lat' dir='ltr'><strong>fallax</strong></span> <span class='ocrx_word' id='word_1_6' title='bbox 392 278 518 336; x_wconf 77' lang='lat' dir='ltr'><strong>animum</strong></span> <span class='ocrx_word' id='word_1_7' title='bbox 530 278 634 337; x_wconf 85' lang='lat' dir='ltr'><strong>fiducia</strong></span> <span class='ocrx_word' id='word_1_8' title='bbox 647 290 754 355; x_wconf 82' lang='lat' dir='ltr'><strong>tangat,</strong></span> <span class='ocrx_word' id='word_1_9' title='bbox 855 285 916 340; x_wconf 73' lang='lat'><strong>430</strong></span> 
     </span>
     <span class='ocr_line' id='line_1_3' title="bbox 65 357 855 435; baseline 0.005 -21"><span class='ocrx_word' id='word_1_10' title='bbox 65 357 151 421; x_wconf 78' lang='lat' dir='ltr'><strong>Quod</strong></span> <span class='ocrx_word' id='word_1_11' title='bbox 165 377 246 415; x_wconf 91' lang='lat' dir='ltr'><strong>socer</strong></span> <span class='ocrx_word' id='word_1_12' title='bbox 260 357 439 434; x_wconf 72' lang='lat' dir='ltr'><strong>Hippotades</strong></span> <span class='ocrx_word' id='word_1_13' title='bbox 453 358 505 415; x_wconf 92' lang='lat' dir='ltr'><strong>tibi</strong></span> <span class='ocrx_word' id='word_1_14' title='bbox 519 358 563 426; x_wconf 86' lang='lat' dir='ltr'><strong>sit,</strong></span> <span class='ocrx_word' id='word_1_15' title='bbox 578 358 626 435; x_wconf 92' lang='lat' dir='ltr'><strong>qui</strong></span> <span class='ocrx_word' id='word_1_16' title='bbox 639 377 752 416; x_wconf 84' lang='lat' dir='ltr'><strong>carcere</strong></span> <span class='ocrx_word' id='word_1_17' title='bbox 765 359 855 418; x_wconf 90' lang='lat' dir='ltr'><strong>fortes</strong></span> 
     </span>
     <span class='ocr_line' id='line_1_4' title="bbox 65 436 805 513; baseline 0.001 -18"><span class='ocrx_word' id='word_1_18' title='bbox 65 437 218 495; x_wconf 88' lang='lat' dir='ltr'><strong>Contineat</strong></span> <span class='ocrx_word' id='word_1_19' title='bbox 230 447 338 505; x_wconf 87' lang='lat' dir='ltr'><strong>ventos,</strong></span> <span class='ocrx_word' id='word_1_20' title='bbox 353 447 391 505; x_wconf 88' lang='lat' dir='ltr'><strong>et,</strong></span> <span class='ocrx_word' id='word_1_21' title='bbox 406 437 472 494; x_wconf 80' lang='lat' dir='ltr'><strong>cum</strong></span> <span class='ocrx_word' id='word_1_22' title='bbox 484 436 561 505; x_wconf 85' lang='lat' dir='ltr'><strong>velit,</strong></span> <span class='ocrx_word' id='word_1_23' title='bbox 574 456 687 513; x_wconf 85' lang='lat' dir='ltr'><strong>oequora</strong></span> <span class='ocrx_word' id='word_1_24' title='bbox 699 438 805 513; x_wconf 84' lang='lat' dir='ltr'><strong>placet.</strong></span> 
     </span>
     <span class='ocr_line' id='line_1_5' title="bbox 65 515 736 591; baseline -0.003 -18"><span class='ocrx_word' id='word_1_25' title='bbox 65 515 140 573; x_wconf 81' lang='lat' dir='ltr'><strong>cnm</strong></span> <span class='ocrx_word' id='word_1_26' title='bbox 155 516 241 573; x_wconf 87' lang='lat' dir='ltr'><strong>semel</strong></span> <span class='ocrx_word' id='word_1_27' title='bbox 256 516 349 573; x_wconf 88' lang='lat' dir='ltr'>emissi</span> <span class='ocrx_word' id='word_1_28' title='bbox 363 525 514 572; x_wconf 89' lang='lat' dir='ltr'><strong>tenuerunt</strong></span> <span class='ocrx_word' id='word_1_29' title='bbox 525 535 638 591; x_wconf 81' lang='lat' dir='ltr'><strong>aequora</strong></span> <span class='ocrx_word' id='word_1_30' title='bbox 650 516 736 584; x_wconf 89' lang='lat' dir='ltr'><strong>venti,</strong></span> 
     </span>
    </p>

    <p class='ocr_par' dir='ltr' id='par_1_3' title="bbox 65 592 912 827">
     <span class='ocr_line' id='line_1_6' title="bbox 65 592 809 670; baseline 0.004 -20"><span class='ocrx_word' id='word_1_31' title='bbox 65 592 114 650; x_wconf 92' lang='lat' dir='ltr'><strong>Nil</strong></span> <span class='ocrx_word' id='word_1_32' title='bbox 128 595 182 652; x_wconf 88' lang='lat' dir='ltr'><strong>illis</strong></span> <span class='ocrx_word' id='word_1_33' title='bbox 196 595 314 653; x_wconf 90' lang='lat' dir='ltr'><strong>vetitum</strong></span> <span class='ocrx_word' id='word_1_34' title='bbox 329 604 372 651; x_wconf 87' lang='lat' dir='ltr'><strong>est</strong></span> <span class='ocrx_word' id='word_1_35' title='bbox 384 598 409 661; x_wconf 79' lang='grc' dir='ltr'><strong>ι;</strong></span> <span class='ocrx_word' id='word_1_36' title='bbox 426 594 709 670; x_wconf 81' lang='lat' dir='ltr'><strong>incommendataque</strong></span> <span class='ocrx_word' id='word_1_37' title='bbox 723 595 809 653; x_wconf 91' lang='lat' dir='ltr'><strong>tellus</strong></span> 
     </span>
     <span class='ocr_line' id='line_1_7' title="bbox 65 671 912 748; baseline 0.006 -19"><span class='ocrx_word' id='word_1_38' title='bbox 65 672 175 739; x_wconf 89' lang='lat' dir='ltr'><strong>Omnis,</strong></span> <span class='ocrx_word' id='word_1_39' title='bbox 190 684 220 730; x_wconf 91' lang='lat' dir='ltr'><strong>et</strong></span> <span class='ocrx_word' id='word_1_40' title='bbox 234 691 317 729; x_wconf 88' lang='lat' dir='ltr'><strong>omne</strong></span> <span class='ocrx_word' id='word_1_41' title='bbox 330 671 451 730; x_wconf 82' lang='lat' dir='ltr'><strong>fretum:</strong></span> <span class='ocrx_word' id='word_1_42' title='bbox 472 672 536 729; x_wconf 87' lang='lat' dir='ltr'><strong>coeli</strong></span> <span class='ocrx_word' id='word_1_43' title='bbox 551 672 663 748; x_wconf 78' lang='lat' dir='ltr'><strong>qudque</strong></span> <span class='ocrx_word' id='word_1_44' title='bbox 677 673 776 730; x_wconf 85' lang='lat' dir='ltr'><strong>nubila</strong></span> <span class='ocrx_word' id='word_1_45' title='bbox 788 687 912 744; x_wconf 80' lang='lat' dir='ltr'><strong>vexant3</strong></span> 
     </span>
     <span class='ocr_line' id='line_1_8' title="bbox 65 751 768 827; baseline 0.001 -19"><span class='ocrx_word' id='word_1_46' title='bbox 65 751 278 827; x_wconf 89' lang='lat' dir='ltr'><strong>Excutiuntque</strong></span> <span class='ocrx_word' id='word_1_47' title='bbox 291 751 356 808; x_wconf 83' lang='lat' dir='ltr'><strong>feris</strong></span> <span class='ocrx_word' id='word_1_48' title='bbox 369 751 468 808; x_wconf 87' lang='lat' dir='ltr'><strong>rutilos</strong></span> <span class='ocrx_word' id='word_1_49' title='bbox 481 751 665 808; x_wconf 87' lang='lat' dir='ltr'><strong>concursibus</strong></span> <span class='ocrx_word' id='word_1_50' title='bbox 679 751 768 827; x_wconf 87' lang='lat' dir='ltr'><strong>ignes.</strong></span> 
     </span>
    </p>

    <p class='ocr_par' dir='ltr' id='par_1_4' title="bbox 63 829 907 1221">
     <span class='ocr_line' id='line_1_9' title="bbox 65 829 812 907; baseline 0.004 -22"><span class='ocrx_word' id='word_1_51' title='bbox 65 831 130 893; x_wconf 86' lang='lat' dir='ltr'><strong>Quo</strong></span> <span class='ocrx_word' id='word_1_52' title='bbox 144 829 234 905; x_wconf 87' lang='lat' dir='ltr'><strong>magis</strong></span> <span class='ocrx_word' id='word_1_53' title='bbox 246 830 299 886; x_wconf 91' lang='lat' dir='ltr'><strong>hos</strong></span> <span class='ocrx_word' id='word_1_54' title='bbox 310 829 375 886; x_wconf 90' lang='lat' dir='ltr'><strong>novi</strong></span> <span class='ocrx_word' id='word_1_55' title='bbox 390 831 466 906; x_wconf 84' lang='lat' dir='ltr'><strong>(uam</strong></span> <span class='ocrx_word' id='word_1_56' title='bbox 480 831 554 898; x_wconf 89' lang='lat' dir='ltr'><strong>novi,</strong></span> <span class='ocrx_word' id='word_1_57' title='bbox 567 840 597 886; x_wconf 94' lang='lat' dir='ltr'><strong>et</strong></span> <span class='ocrx_word' id='word_1_58' title='bbox 606 849 680 906; x_wconf 84' lang='lat' dir='ltr'><strong>saepe</strong></span> <span class='ocrx_word' id='word_1_59' title='bbox 694 830 812 907; x_wconf 60' lang='lat' dir='ltr'><strong>poterut</strong></span> 
     </span>
     <span class='ocr_line' id='line_1_10' title="bbox 65 908 819 984; baseline -0.001 -18"><span class='ocrx_word' id='word_1_60' title='bbox 65 909 155 966; x_wconf 82' lang='lat' dir='ltr'><strong>Parva</strong></span> <span class='ocrx_word' id='word_1_61' title='bbox 166 909 251 965; x_wconf 91' lang='lat' dir='ltr'><strong>domo</strong></span> <span class='ocrx_word' id='word_1_62' title='bbox 265 908 333 982; x_wconf 82' lang='lat' dir='ltr'><strong>vidi)</strong></span> <span class='ocrx_word' id='word_1_63' title='bbox 345 909 436 984; x_wconf 85' lang='lat' dir='ltr'><strong>magis</strong></span> <span class='ocrx_word' id='word_1_64' title='bbox 448 909 504 965; x_wconf 93' lang='lat' dir='ltr'><strong>hoc</strong></span> <span class='ocrx_word' id='word_1_65' title='bbox 517 927 582 965; x_wconf 91' lang='lat' dir='ltr'><strong>reor</strong></span> <span class='ocrx_word' id='word_1_66' title='bbox 595 927 656 965; x_wconf 89' lang='lat' dir='ltr'><strong>esse</strong></span> <span class='ocrx_word' id='word_1_67' title='bbox 670 909 819 966; x_wconf 91' lang='lat' dir='ltr'><strong>timendos.</strong></span> 
     </span>
     <span class='ocr_line' id='line_1_11' title="bbox 64 986 907 1064; baseline -0.001 -21"><span class='ocrx_word' id='word_1_68' title='bbox 64 987 150 1051; x_wconf 76' lang='lat' dir='ltr'><strong>Quod</strong></span> <span class='ocrx_word' id='word_1_69' title='bbox 161 997 211 1044; x_wconf 86' lang='lat' dir='ltr'><strong>tua</strong></span> <span class='ocrx_word' id='word_1_70' title='bbox 224 987 247 1045; x_wconf 88' lang='lat' dir='ltr'><strong>si</strong></span> <span class='ocrx_word' id='word_1_71' title='bbox 259 987 336 1044; x_wconf 87' lang='lat' dir='ltr'><strong>flecti</strong></span> <span class='ocrx_word' id='word_1_72' title='bbox 349 987 481 1064; x_wconf 86' lang='lat' dir='ltr'><strong>precibus</strong></span> <span class='ocrx_word' id='word_1_73' title='bbox 495 986 636 1045; x_wconf 84' lang='lat' dir='ltr'><strong>sententia</strong></span> <span class='ocrx_word' id='word_1_74' title='bbox 649 987 742 1055; x_wconf 84' lang='lat' dir='ltr'><strong>nullis,</strong></span> <span class='ocrx_word' id='word_1_75' title='bbox 845 987 907 1042; x_wconf 81' lang='lat'><strong>439</strong></span> 
     </span>
     <span class='ocr_line' id='line_1_12' title="bbox 64 1064 868 1143; baseline -0.002 -19"><span class='ocrx_word' id='word_1_76' title='bbox 64 1066 147 1134; x_wconf 85' lang='lat' dir='ltr'>Care,</span> <span class='ocrx_word' id='word_1_77' title='bbox 161 1077 265 1142; x_wconf 90' lang='lat' dir='ltr'><strong>potest,</strong></span> <span class='ocrx_word' id='word_1_78' title='bbox 281 1069 394 1143; x_wconf 87' lang='lat' dir='ltr'><strong>conjux,</strong></span> <span class='ocrx_word' id='word_1_79' title='bbox 409 1065 582 1141; x_wconf 76' lang='lat' dir='ltr'><strong>nimiumque</strong></span> <span class='ocrx_word' id='word_1_80' title='bbox 594 1085 625 1123; x_wconf 89' lang='lat' dir='ltr'><strong>es</strong></span> <span class='ocrx_word' id='word_1_81' title='bbox 639 1075 733 1123; x_wconf 89' lang='lat' dir='ltr'><strong>certus</strong></span> <span class='ocrx_word' id='word_1_82' title='bbox 746 1064 868 1133; x_wconf 75' lang='lat' dir='ltr'><strong>eundi23</strong></span> 
     </span>
     <span class='ocr_line' id='line_1_13' title="bbox 63 1143 824 1221; baseline -0.003 -20"><span class='ocrx_word' id='word_1_83' title='bbox 63 1144 116 1202; x_wconf 92' lang='lat' dir='ltr'><strong>Me</strong></span> <span class='ocrx_word' id='word_1_84' title='bbox 130 1146 242 1221; x_wconf 78' lang='lat' dir='ltr'><strong>qudque</strong></span> <span class='ocrx_word' id='word_1_85' title='bbox 256 1145 324 1202; x_wconf 92' lang='lat' dir='ltr'><strong>tolle</strong></span> <span class='ocrx_word' id='word_1_86' title='bbox 338 1145 430 1202; x_wconf 89' lang='lat' dir='ltr'><strong>simul.</strong></span> <span class='ocrx_word' id='word_1_87' title='bbox 471 1145 556 1202; x_wconf 73' lang='lat' dir='ltr'><strong>Certe</strong></span> <span class='ocrx_word' id='word_1_88' title='bbox 566 1144 737 1221; x_wconf 84' lang='lat' dir='ltr'><strong>jactabimur</strong></span> <span class='ocrx_word' id='word_1_89' title='bbox 750 1143 824 1211; x_wconf 64' lang='lat' dir='ltr'><strong>un53</strong></span> 
     </span>
    </p>

    <p class='ocr_par' dir='ltr' id='par_1_5' title="bbox 62 1222 859 1379">
     <span class='ocr_line' id='line_1_14' title="bbox 64 1222 859 1300; baseline 0 -20"><span class='ocrx_word' id='word_1_90' title='bbox 64 1222 135 1292; x_wconf 89' lang='lat' dir='ltr'><strong>Nec,</strong></span> <span class='ocrx_word' id='word_1_91' title='bbox 150 1224 202 1280; x_wconf 91' lang='lat' dir='ltr'><strong>nisi</strong></span> <span class='ocrx_word' id='word_1_92' title='bbox 217 1243 279 1299; x_wconf 88' lang='lat' dir='ltr'><strong>quae</strong></span> <span class='ocrx_word' id='word_1_93' title='bbox 293 1223 392 1300; x_wconf 80' lang='lat' dir='ltr'><strong>patiar,</strong></span> <span class='ocrx_word' id='word_1_94' title='bbox 406 1233 547 1291; x_wconf 81' lang='lat' dir='ltr'><strong>metuam3</strong></span> <span class='ocrx_word' id='word_1_95' title='bbox 565 1223 724 1300; x_wconf 86' lang='lat' dir='ltr'><strong>pariterque</strong></span> <span class='ocrx_word' id='word_1_96' title='bbox 731 1223 859 1280; x_wconf 50' lang='lat' dir='ltr'><strong>*feremus</strong></span> 
     </span>
     <span class='ocr_line' id='line_1_15' title="bbox 62 1301 843 1379; baseline 0.001 -22"><span class='ocrx_word' id='word_1_97' title='bbox 62 1301 204 1376; x_wconf 85' lang='lat' dir='ltr'><strong>Quicquid</strong></span> <span class='ocrx_word' id='word_1_98' title='bbox 218 1301 288 1368; x_wconf 91' lang='lat' dir='ltr'><strong>erit;</strong></span> <span class='ocrx_word' id='word_1_99' title='bbox 308 1301 411 1376; x_wconf 87' lang='lat' dir='ltr'><strong>pariter</strong></span> <span class='ocrx_word' id='word_1_100' title='bbox 421 1321 505 1377; x_wconf 92' lang='lat' dir='ltr'><strong>super</strong></span> <span class='ocrx_word' id='word_1_101' title='bbox 518 1321 629 1379; x_wconf 85' lang='lat' dir='ltr'><strong>aequora</strong></span> <span class='ocrx_word' id='word_1_102' title='bbox 641 1302 700 1359; x_wconf 78' lang='lat' dir='ltr'><strong>lata</strong></span> <span class='ocrx_word' id='word_1_103' title='bbox 712 1301 843 1359; x_wconf 88' lang='lat' dir='ltr'><strong>feremur.</strong></span> 
     </span>
    </p>

    <p class='ocr_par' dir='ltr' id='par_1_6' title="bbox 62 1379 908 1613">
     <span class='ocr_line' id='line_1_16' title="bbox 102 1379 801 1456; baseline -0.001 -20"><span class='ocrx_word' id='word_1_104' title='bbox 102 1380 219 1436; x_wconf 88' lang='lat' dir='ltr'><strong>Talibus</strong></span> <span class='ocrx_word' id='word_1_105' title='bbox 234 1379 362 1437; x_wconf 87' lang='lat' dir='ltr'><strong>AEolidos</strong></span> <span class='ocrx_word' id='word_1_106' title='bbox 377 1380 459 1436; x_wconf 90' lang='lat' dir='ltr'><strong>dictis</strong></span> <span class='ocrx_word' id='word_1_107' title='bbox 473 1379 659 1456; x_wconf 86' lang='lat' dir='ltr'><strong>lacrymisque</strong></span> <span class='ocrx_word' id='word_1_108' title='bbox 673 1390 801 1437; x_wconf 90' lang='lat' dir='ltr'><strong>movetur</strong></span> 
     </span>
     <span class='ocr_line' id='line_1_17' title="bbox 62 1457 908 1535; baseline 0.002 -20"><span class='ocrx_word' id='word_1_109' title='bbox 62 1457 193 1516; x_wconf 89' lang='lat' dir='ltr'><strong>Sidereus</strong></span> <span class='ocrx_word' id='word_1_110' title='bbox 208 1461 330 1535; x_wconf 79' lang='lat' dir='ltr'><strong>conjux3</strong></span> <span class='ocrx_word' id='word_1_111' title='bbox 350 1477 442 1534; x_wconf 91' lang='lat' dir='ltr'><strong>neque</strong></span> <span class='ocrx_word' id='word_1_112' title='bbox 456 1458 531 1515; x_wconf 90' lang='lat' dir='ltr'><strong>enim</strong></span> <span class='ocrx_word' id='word_1_113' title='bbox 545 1459 636 1515; x_wconf 90' lang='lat' dir='ltr'><strong>minor</strong></span> <span class='ocrx_word' id='word_1_114' title='bbox 650 1458 722 1534; x_wconf 86' lang='lat' dir='ltr'><strong>ignis</strong></span> <span class='ocrx_word' id='word_1_115' title='bbox 736 1458 765 1514; x_wconf 93' lang='lat' dir='ltr'><strong>in</strong></span> <span class='ocrx_word' id='word_1_116' title='bbox 779 1458 842 1534; x_wconf 93' lang='lat' dir='ltr'><strong>ipso</strong></span> <span class='ocrx_word' id='word_1_117' title='bbox 854 1470 908 1517; x_wconf 86' lang='lat' dir='ltr'><strong>est.</strong></span> 
     </span>
     <span class='ocr_line' id='line_1_18' title="bbox 62 1536 778 1613; baseline -0.001 -19"><span class='ocrx_word' id='word_1_118' title='bbox 62 1536 119 1595; x_wconf 84' lang='lat' dir='ltr'><strong>Sed</strong></span> <span class='ocrx_word' id='word_1_119' title='bbox 133 1556 224 1612; x_wconf 90' lang='lat' dir='ltr'><strong>neque</strong></span> <span class='ocrx_word' id='word_1_120' title='bbox 238 1536 396 1612; x_wconf 89' lang='lat' dir='ltr'><strong>propositos</strong></span> <span class='ocrx_word' id='word_1_121' title='bbox 408 1537 502 1613; x_wconf 83' lang='lat' dir='ltr'><strong>pelagi</strong></span> <span class='ocrx_word' id='word_1_122' title='bbox 516 1536 658 1594; x_wconf 87' lang='lat' dir='ltr'><strong>dimittere</strong></span> <span class='ocrx_word' id='word_1_123' title='bbox 672 1555 778 1604; x_wconf 86' lang='lat' dir='ltr'><strong>cursus,</strong></span> 
     </span>
    </p>

    <p class='ocr_par' dir='ltr' id='par_1_7' title="bbox 60 1613 838 1772">
     <span class='ocr_line' id='line_1_19' title="bbox 60 1613 838 1692; baseline -0.001 -18"><span class='ocrx_word' id='word_1_124' title='bbox 60 1613 124 1674; x_wconf 91' lang='lat' dir='ltr'><strong>Nec</strong></span> <span class='ocrx_word' id='word_1_125' title='bbox 136 1615 199 1673; x_wconf 85' lang='lat' dir='ltr'><strong>vult</strong></span> <span class='ocrx_word' id='word_1_126' title='bbox 213 1616 388 1692; x_wconf 85' lang='lat' dir='ltr'><strong>Halcyonen</strong></span> <span class='ocrx_word' id='word_1_127' title='bbox 407 1616 436 1672; x_wconf 91' lang='lat' dir='ltr'><strong>in</strong></span> <span class='ocrx_word' id='word_1_128' title='bbox 449 1626 558 1692; x_wconf 85' lang='lat' dir='ltr'><strong>partem</strong></span> <span class='ocrx_word' id='word_1_129' title='bbox 572 1615 707 1673; x_wconf 82' lang='lat' dir='ltr'><strong>adhibere</strong></span> <span class='ocrx_word' id='word_1_130' title='bbox 720 1614 838 1691; x_wconf 65' lang='lat' dir='ltr'><strong>periclis</strong></span> 
     </span>
     <span class='ocr_line' id='line_1_20' title="bbox 60 1694 775 1772; baseline -0.003 -20"><span class='ocrx_word' id='word_1_131' title='bbox 60 1694 211 1771; x_wconf 84' lang='lat' dir='ltr'><strong>Multaque</strong></span> <span class='ocrx_word' id='word_1_132' title='bbox 225 1696 368 1772; x_wconf 87' lang='lat' dir='ltr'><strong>respondit</strong></span> <span class='ocrx_word' id='word_1_133' title='bbox 383 1695 513 1753; x_wconf 91' lang='lat' dir='ltr'><strong>timidum</strong></span> <span class='ocrx_word' id='word_1_134' title='bbox 528 1695 648 1752; x_wconf 82' lang='lat' dir='ltr'><strong>solantia</strong></span> <span class='ocrx_word' id='word_1_135' title='bbox 656 1705 775 1771; x_wconf 88' lang='lat' dir='ltr'><strong>pectus;</strong></span> 
     </span>
    </p>

    <p class='ocr_par' dir='ltr' id='par_1_8' title="bbox 60 1771 906 1930">
     <span class='ocr_line' id='line_1_21' title="bbox 60 1771 854 1850; baseline 0.001 -21"><span class='ocrx_word' id='word_1_136' title='bbox 60 1771 123 1832; x_wconf 92' lang='lat' dir='ltr'><strong>Nec</strong></span> <span class='ocrx_word' id='word_1_137' title='bbox 138 1785 234 1832; x_wconf 83' lang='lat' dir='ltr'><strong>tamen</strong></span> <span class='ocrx_word' id='word_1_138' title='bbox 248 1774 352 1832; x_wconf 88' lang='lat' dir='ltr'><strong>idcirco</strong></span> <span class='ocrx_word' id='word_1_139' title='bbox 367 1793 482 1832; x_wconf 81' lang='lat' dir='ltr'><strong>causam</strong></span> <span class='ocrx_word' id='word_1_140' title='bbox 495 1774 625 1850; x_wconf 81' lang='lat' dir='ltr'><strong>probat⁸.</strong></span> <span class='ocrx_word' id='word_1_141' title='bbox 667 1773 788 1830; x_wconf 88' lang='lat' dir='ltr'><strong>Addidit</strong></span> <span class='ocrx_word' id='word_1_142' title='bbox 799 1772 854 1830; x_wconf 86' lang='lat' dir='ltr'><strong>illis</strong></span> 
     </span>
     <span class='ocr_line' id='line_1_22' title="bbox 60 1852 906 1930; baseline -0.002 -21"><span class='ocrx_word' id='word_1_143' title='bbox 60 1852 128 1910; x_wconf 90' lang='lat' dir='ltr'><strong>Hoc</strong></span> <span class='ocrx_word' id='word_1_144' title='bbox 142 1853 254 1929; x_wconf 75' lang='lat' dir='ltr'><strong>quoque</strong></span> <span class='ocrx_word' id='word_1_145' title='bbox 268 1853 399 1922; x_wconf 89' lang='lat' dir='ltr'><strong>lenimen,</strong></span> <span class='ocrx_word' id='word_1_146' title='bbox 414 1873 471 1930; x_wconf 92' lang='lat' dir='ltr'><strong>quo</strong></span> <span class='ocrx_word' id='word_1_147' title='bbox 485 1853 545 1910; x_wconf 92' lang='lat' dir='ltr'><strong>solo</strong></span> <span class='ocrx_word' id='word_1_148' title='bbox 558 1852 639 1910; x_wconf 85' lang='lat' dir='ltr'><strong>flexit</strong></span> <span class='ocrx_word' id='word_1_149' title='bbox 652 1861 812 1910; x_wconf 82' lang='lat' dir='ltr'><strong>amantem:</strong></span> <span class='ocrx_word' id='word_1_150' title='bbox 846 1852 906 1908; x_wconf 75' lang='lat'><strong>45⁰</strong></span> 
     </span>
    </p>
   </div>
   <div class='ocr_carea' id='block_1_3' title="bbox 59 1930 834 2240">
    <p class='ocr_par' dir='ltr' id='par_1_9' title="bbox 59 1930 809 2008">
     <span class='ocr_line' id='line_1_23' title="bbox 59 1930 809 2008; baseline -0.003 -20"><span class='ocrx_word' id='word_1_151' title='bbox 59 1930 161 2008; x_wconf 83' lang='lat' dir='ltr'><strong>Longa</strong></span> <span class='ocrx_word' id='word_1_152' title='bbox 175 1932 288 2007; x_wconf 92' lang='lat' dir='ltr'><strong>quidem</strong></span> <span class='ocrx_word' id='word_1_153' title='bbox 303 1932 384 1989; x_wconf 87' lang='lat' dir='ltr'><strong>nobis</strong></span> <span class='ocrx_word' id='word_1_154' title='bbox 398 1932 489 1989; x_wconf 90' lang='lat' dir='ltr'><strong>omnis</strong></span> <span class='ocrx_word' id='word_1_155' title='bbox 503 1950 597 1987; x_wconf 81' lang='lat' dir='ltr'><strong>more:</strong></span> <span class='ocrx_word' id='word_1_156' title='bbox 618 1931 668 1987; x_wconf 90' lang='lat' dir='ltr'><strong>sed</strong></span> <span class='ocrx_word' id='word_1_157' title='bbox 682 1930 734 1985; x_wconf 92' lang='lat' dir='ltr'><strong>tibi</strong></span> <span class='ocrx_word' id='word_1_158' title='bbox 744 1933 809 2004; x_wconf 76' lang='lat' dir='ltr'><strong>J&#39;uro</strong></span> 
     </span>
    </p>

    <p class='ocr_par' dir='ltr' id='par_1_10' title="bbox 61 2005 771 2087">
     <span class='ocr_line' id='line_1_24' title="bbox 61 2005 771 2087; baseline -0.015 -19"><span class='ocrx_word' id='word_1_159' title='bbox 61 2011 116 2068; x_wconf 88' lang='lat' dir='ltr'><strong>Per</strong></span> <span class='ocrx_word' id='word_1_160' title='bbox 128 2011 233 2086; x_wconf 84' lang='lat' dir='ltr'><strong>patrios</strong></span> <span class='ocrx_word' id='word_1_161' title='bbox 248 2010 327 2084; x_wconf 87' lang='lat' dir='ltr'><strong>ignes</strong></span> <span class='ocrx_word' id='word_1_162' title='bbox 340 2009 374 2087; x_wconf 81' lang='lat' dir='ltr'><strong>(si</strong></span> <span class='ocrx_word' id='word_1_163' title='bbox 387 2028 435 2066; x_wconf 89' lang='lat' dir='ltr'><strong>me</strong></span> <span class='ocrx_word' id='word_1_164' title='bbox 448 2009 534 2065; x_wconf 75' lang='lat' dir='ltr'><strong>modo</strong></span> <span class='ocrx_word' id='word_1_165' title='bbox 545 2009 604 2064; x_wconf 84' lang='lat' dir='ltr'><strong>fata</strong></span> <span class='ocrx_word' id='word_1_166' title='bbox 616 2005 771 2076; x_wconf 85' lang='lat' dir='ltr'><strong>remittent)</strong></span> 
     </span>
    </p>

    <p class='ocr_par' dir='ltr' id='par_1_11' title="bbox 60 2080 834 2240">
     <span class='ocr_line' id='line_1_25' title="bbox 60 2080 834 2161; baseline -0.009 -16"><span class='ocrx_word' id='word_1_167' title='bbox 60 2091 139 2147; x_wconf 85' lang='lat' dir='ltr'><strong>Ante</strong></span> <span class='ocrx_word' id='word_1_168' title='bbox 149 2107 332 2155; x_wconf 82' lang='lat' dir='ltr'><strong>reversurum,</strong></span> <span class='ocrx_word' id='word_1_169' title='bbox 347 2086 431 2161; x_wconf 71' lang='lat' dir='ltr'><strong>qudm</strong></span> <span class='ocrx_word' id='word_1_170' title='bbox 445 2086 529 2141; x_wconf 86' lang='lat' dir='ltr'><strong>Luna</strong></span> <span class='ocrx_word' id='word_1_171' title='bbox 539 2085 583 2141; x_wconf 92' lang='lat' dir='ltr'><strong>bis</strong></span> <span class='ocrx_word' id='word_1_172' title='bbox 596 2081 713 2158; x_wconf 86' lang='lat' dir='ltr'><strong>impleat</strong></span> <span class='ocrx_word' id='word_1_173' title='bbox 727 2080 834 2138; x_wconf 85' lang='lat' dir='ltr'><strong>orbem.</strong></span> 
     </span>
     <span class='ocr_line' id='line_1_26' title="bbox 100 2159 815 2240; baseline -0.007 -19"><span class='ocrx_word' id='word_1_174' title='bbox 100 2165 155 2222; x_wconf 90' lang='lat' dir='ltr'><strong>His</strong></span> <span class='ocrx_word' id='word_1_175' title='bbox 169 2164 217 2221; x_wconf 93' lang='lat' dir='ltr'><strong>ubi</strong></span> <span class='ocrx_word' id='word_1_176' title='bbox 229 2163 371 2240; x_wconf 80' lang='lat' dir='ltr'><strong>promissis</strong></span> <span class='ocrx_word' id='word_1_177' title='bbox 386 2181 450 2238; x_wconf 90' lang='lat' dir='ltr'><strong>spes</strong></span> <span class='ocrx_word' id='word_1_178' title='bbox 464 2172 508 2219; x_wconf 88' lang='lat' dir='ltr'><strong>est</strong></span> <span class='ocrx_word' id='word_1_179' title='bbox 520 2161 635 2217; x_wconf 84' lang='lat' dir='ltr'><strong>admota</strong></span> <span class='ocrx_word' id='word_1_180' title='bbox 647 2159 815 2228; x_wconf 73' lang='lat' dir='ltr'><strong>recurshs⁴3</strong></span> 
     </span>
    </p>
   </div>
   <div class='ocr_carea' id='block_1_4' title="bbox 24 2314 906 2874">
    <p class='ocr_par' dir='ltr' id='par_1_12' title="bbox 24 2314 906 2874">
     <span class='ocr_line' id='line_1_27' title="bbox 90 2314 906 2383; baseline -0.001 -16"><span class='ocrx_word' id='word_1_181' title='bbox 90 2319 98 2349; x_wconf 93' lang='lat'><em>¹</em></span> <span class='ocrx_word' id='word_1_182' title='bbox 109 2322 154 2370; x_wconf 80' lang='lat' dir='ltr'><strong>er</strong></span> <span class='ocrx_word' id='word_1_183' title='bbox 161 2321 252 2367; x_wconf 79' lang='lat' dir='ltr'><strong>uetitum</strong></span> <span class='ocrx_word' id='word_1_184' title='bbox 263 2321 352 2366; x_wconf 71' lang='lat' dir='ltr'><strong>estillic</strong></span> <span class='ocrx_word' id='word_1_185' title='bbox 364 2314 470 2383; x_wconf 86' lang='lat' dir='ltr'><strong>(ventis),</strong></span> <span class='ocrx_word' id='word_1_186' title='bbox 481 2314 582 2378; x_wconf 79' lang='lat' dir='ltr'><strong>nothing</strong></span> <span class='ocrx_word' id='word_1_187' title='bbox 590 2314 738 2364; x_wconf 79' lang='lat' dir='ltr'><strong>isforbidden</strong></span> <span class='ocrx_word' id='word_1_188' title='bbox 749 2324 774 2364; x_wconf 83' lang='lat' dir='ltr'><strong>to</strong></span> <span class='ocrx_word' id='word_1_189' title='bbox 782 2318 846 2364; x_wconf 89' lang='lat' dir='ltr'><strong>them</strong></span> <span class='ocrx_word' id='word_1_190' title='bbox 867 2324 906 2369; x_wconf 72' lang='lat' dir='ltr'><strong>tte</strong></span> 
     </span>
     <span class='ocr_line' id='line_1_28' title="bbox 58 2321 903 2446; baseline -0.002 -14"><span class='ocrx_word' id='word_1_191' title='bbox 58 2386 159 2446; x_wconf 61' lang='lat' dir='ltr'><strong>windo),</strong></span> <span class='ocrx_word' id='word_1_192' title='bbox 170 2383 225 2442; x_wconf 81' lang='lat' dir='ltr'><strong>they</strong></span> <span class='ocrx_word' id='word_1_193' title='bbox 231 2381 289 2429; x_wconf 89' lang='lat' dir='ltr'><strong>hold</strong></span> <span class='ocrx_word' id='word_1_194' title='bbox 295 2381 395 2443; x_wconf 80' lang='lat' dir='ltr'><strong>nothing</strong></span> <span class='ocrx_word' id='word_1_195' title='bbox 401 2396 427 2427; x_wconf 83' lang='lat' dir='ltr'><strong>as</strong></span> <span class='ocrx_word' id='word_1_196' title='bbox 434 2379 575 2435; x_wconf 60' lang='lat' dir='ltr'><strong>forbidden</strong></span> <span class='ocrx_word' id='word_1_197' title='bbox 586 2381 639 2441; x_wconf 82' lang='lat' dir='ltr'><strong>they</strong></span> <span class='ocrx_word' id='word_1_198' title='bbox 648 2379 767 2442; x_wconf 79' lang='lat' dir='ltr'><strong>disregurd</strong></span> <span class='ocrx_word' id='word_1_199' title='bbox 776 2380 809 2426; x_wconf 83' lang='lat' dir='ltr'><strong>all</strong></span> <span class='ocrx_word' id='word_1_200' title='bbox 817 2321 903 2430; x_wconf 77' lang='lat' dir='ltr'><strong>eudro-</strong></span> 
     </span>
     <span class='ocr_line' id='line_1_29' title="bbox 59 2443 903 2507; baseline -0.005 -11"><span class='ocrx_word' id='word_1_201' title='bbox 59 2447 111 2507; x_wconf 79' lang='lat' dir='ltr'><strong>rity,</strong></span> <span class='ocrx_word' id='word_1_202' title='bbox 120 2463 155 2504; x_wconf 82' lang='lat' dir='ltr'><strong>or,</strong></span> <span class='ocrx_word' id='word_1_203' title='bbox 165 2446 220 2505; x_wconf 85' lang='lat' dir='ltr'><strong>they</strong></span> <span class='ocrx_word' id='word_1_204' title='bbox 228 2461 268 2493; x_wconf 82' lang='lat' dir='ltr'><strong>ere</strong></span> <span class='ocrx_word' id='word_1_205' title='bbox 278 2444 480 2493; x_wconf 82' lang='lat' dir='ltr'><strong>uncontrouluble.</strong></span> <span class='ocrx_word' id='word_1_206' title='bbox 511 2443 522 2473; x_wconf 87' lang='lat'><strong>¹</strong></span> <span class='ocrx_word' id='word_1_207' title='bbox 532 2445 567 2492; x_wconf 77' lang='lat' dir='ltr'><strong>Et</strong></span> <span class='ocrx_word' id='word_1_208' title='bbox 578 2453 652 2492; x_wconf 76' lang='lat' dir='ltr'><strong>certus</strong></span> <span class='ocrx_word' id='word_1_209' title='bbox 662 2445 739 2498; x_wconf 73' lang='lat' dir='ltr'><strong>eundi,</strong></span> <span class='ocrx_word' id='word_1_210' title='bbox 750 2444 809 2489; x_wconf 86' lang='lat' dir='ltr'><strong>thou</strong></span> <span class='ocrx_word' id='word_1_211' title='bbox 819 2452 855 2490; x_wconf 80' lang='lat' dir='ltr'><strong>art</strong></span> <span class='ocrx_word' id='word_1_212' title='bbox 866 2460 903 2492; x_wconf 88' lang='lat' dir='ltr'><strong>re·</strong></span> 
     </span>
     <span class='ocr_line' id='line_1_30' title="bbox 58 2503 905 2571; baseline -0.001 -15"><span class='ocrx_word' id='word_1_213' title='bbox 58 2509 139 2559; x_wconf 80' lang='lat' dir='ltr'><strong>solved</strong></span> <span class='ocrx_word' id='word_1_214' title='bbox 149 2523 180 2555; x_wconf 89' lang='lat' dir='ltr'><strong>on</strong></span> <span class='ocrx_word' id='word_1_215' title='bbox 189 2509 281 2571; x_wconf 58' lang='lat' dir='ltr'><strong>guium</strong></span> <span class='ocrx_word' id='word_1_216' title='bbox 292 2510 350 2556; x_wconf 87' lang='lat' dir='ltr'><strong>thou</strong></span> <span class='ocrx_word' id='word_1_217' title='bbox 361 2509 414 2555; x_wconf 78' lang='lat' dir='ltr'><strong>host</strong></span> <span class='ocrx_word' id='word_1_218' title='bbox 423 2507 529 2555; x_wconf 85' lang='lat' dir='ltr'><strong>resolved</strong></span> <span class='ocrx_word' id='word_1_219' title='bbox 539 2513 565 2554; x_wconf 86' lang='lat' dir='ltr'><strong>to</strong></span> <span class='ocrx_word' id='word_1_220' title='bbox 574 2521 613 2569; x_wconf 82' lang='lat' dir='ltr'><strong>go.</strong></span> <span class='ocrx_word' id='word_1_221' title='bbox 644 2506 655 2534; x_wconf 82' lang='lat'>⁸</span> <span class='ocrx_word' id='word_1_222' title='bbox 664 2509 717 2554; x_wconf 82' lang='lat' dir='ltr'><strong>Nec</strong></span> <span class='ocrx_word' id='word_1_223' title='bbox 726 2513 803 2552; x_wconf 81' lang='lat' dir='ltr'><strong>tamen</strong></span> <span class='ocrx_word' id='word_1_224' title='bbox 814 2503 905 2555; x_wconf 76' lang='lat' dir='ltr'><strong>idcirco</strong></span> 
     </span>
     <span class='ocr_line' id='line_1_31' title="bbox 56 2569 903 2644; baseline -0.006 -23"><span class='ocrx_word' id='word_1_225' title='bbox 56 2575 139 2635; x_wconf 76' lang='lat' dir='ltr'><strong>probat</strong></span> <span class='ocrx_word' id='word_1_226' title='bbox 146 2587 238 2619; x_wconf 81' lang='lat' dir='ltr'><strong>causam</strong></span> <span class='ocrx_word' id='word_1_227' title='bbox 249 2569 409 2644; x_wconf 56' lang='grc' dir='ltr'><strong>(Ηέἰεῇὅηέ),</strong></span> <span class='ocrx_word' id='word_1_228' title='bbox 415 2587 460 2618; x_wconf 87' lang='lat' dir='ltr'><strong>nor</strong></span> <span class='ocrx_word' id='word_1_229' title='bbox 467 2579 507 2632; x_wconf 79' lang='lat' dir='ltr'><strong>yet</strong></span> <span class='ocrx_word' id='word_1_230' title='bbox 513 2571 570 2618; x_wconf 79' lang='lat' dir='ltr'><strong>does</strong></span> <span class='ocrx_word' id='word_1_231' title='bbox 577 2571 607 2617; x_wconf 87' lang='lat' dir='ltr'><strong>he</strong></span> <span class='ocrx_word' id='word_1_232' title='bbox 615 2584 646 2616; x_wconf 89' lang='lat' dir='ltr'><strong>on</strong></span> <span class='ocrx_word' id='word_1_233' title='bbox 654 2569 705 2615; x_wconf 78' lang='lat' dir='ltr'><strong>that</strong></span> <span class='ocrx_word' id='word_1_234' title='bbox 712 2569 903 2630; x_wconf 70' lang='lat' dir='ltr'><strong>trccountjustisp¹</strong></span> 
     </span>
     <span class='ocr_line' id='line_1_32' title="bbox 58 2629 904 2696; baseline -0.005 -14"><span class='ocrx_word' id='word_1_235' title='bbox 58 2637 180 2688; x_wconf 77' lang='lat' dir='ltr'><strong>thecsuse,</strong></span> <span class='ocrx_word' id='word_1_236' title='bbox 186 2637 203 2682; x_wconf 84' lang='lat' dir='ltr'><strong>i.</strong></span> <span class='ocrx_word' id='word_1_237' title='bbox 210 2651 229 2681; x_wconf 85' lang='lat' dir='ltr'><strong>e.</strong></span> <span class='ocrx_word' id='word_1_238' title='bbox 236 2635 274 2681; x_wconf 83' lang='lat' dir='ltr'><strong>hu</strong></span> <span class='ocrx_word' id='word_1_239' title='bbox 281 2635 416 2688; x_wconf 84' lang='lat' dir='ltr'><strong>resolution.</strong></span> <span class='ocrx_word' id='word_1_240' title='bbox 424 2643 447 2682; x_wconf 88' lang='lat' dir='ltr'><strong>to</strong></span> <span class='ocrx_word' id='word_1_241' title='bbox 454 2635 588 2696; x_wconf 57' lang='lat' dir='ltr'><strong>Hdlcydniy</strong></span> <span class='ocrx_word' id='word_1_242' title='bbox 595 2633 625 2678; x_wconf 87' lang='lat' dir='ltr'><strong>he</strong></span> <span class='ocrx_word' id='word_1_243' title='bbox 635 2629 749 2678; x_wconf 82' lang='lat' dir='ltr'><strong>isunable</strong></span> <span class='ocrx_word' id='word_1_244' title='bbox 756 2639 781 2677; x_wconf 86' lang='lat' dir='ltr'><strong>to</strong></span> <span class='ocrx_word' id='word_1_245' title='bbox 789 2632 904 2689; x_wconf 78' lang='lat' dir='ltr'><strong>persuade</strong></span> 
     </span>
     <span class='ocr_line' id='line_1_33' title="bbox 57 2691 902 2759; baseline -0.004 -15"><span class='ocrx_word' id='word_1_246' title='bbox 57 2697 187 2759; x_wconf 54' lang='lat' dir='ltr'><strong>Hilcjbne</strong></span> <span class='ocrx_word' id='word_1_247' title='bbox 203 2705 227 2743; x_wconf 88' lang='lat' dir='ltr'><strong>to</strong></span> <span class='ocrx_word' id='word_1_248' title='bbox 243 2712 343 2756; x_wconf 82' lang='lat' dir='ltr'><strong>approve</strong></span> <span class='ocrx_word' id='word_1_249' title='bbox 354 2697 383 2744; x_wconf 70' lang='grc' dir='ltr'><strong>οἰ</strong></span> <span class='ocrx_word' id='word_1_250' title='bbox 393 2697 431 2743; x_wconf 90' lang='lat' dir='ltr'><strong>his</strong></span> <span class='ocrx_word' id='word_1_251' title='bbox 446 2697 582 2745; x_wconf 83' lang='lat' dir='ltr'><strong>resolution.</strong></span> <span class='ocrx_word' id='word_1_252' title='bbox 613 2693 686 2754; x_wconf 70' lang='lat' dir='ltr'><strong>‘hbes</strong></span> <span class='ocrx_word' id='word_1_253' title='bbox 695 2691 800 2741; x_wconf 64' lang='lat' dir='ltr'><strong>recursrls</strong></span> <span class='ocrx_word' id='word_1_254' title='bbox 810 2697 902 2741; x_wconf 79' lang='lat' dir='ltr'><strong>admoto</strong></span> 
     </span>
     <span class='ocr_line' id='line_1_34' title="bbox 39 2756 897 2822; baseline 0 -18"><span class='ocrx_word' id='word_1_255' title='bbox 39 2769 84 2812; x_wconf 68' lang='lat' dir='ltr'><strong>est,</strong></span> <span class='ocrx_word' id='word_1_256' title='bbox 97 2763 140 2806; x_wconf 69' lang='lat' dir='ltr'><strong>me</strong></span> <span class='ocrx_word' id='word_1_257' title='bbox 147 2760 296 2822; x_wconf 74' lang='lat' dir='ltr'><strong>nopeornta</strong></span> <span class='ocrx_word' id='word_1_258' title='bbox 304 2768 388 2810; x_wconf 82' lang='lat' dir='ltr'><strong>retunt</strong></span> <span class='ocrx_word' id='word_1_259' title='bbox 397 2774 446 2808; x_wconf 82' lang='lat' dir='ltr'><strong>wss</strong></span> <span class='ocrx_word' id='word_1_260' title='bbox 454 2759 559 2822; x_wconf 72' lang='lat' dir='ltr'><strong>btought</strong></span> <span class='ocrx_word' id='word_1_261' title='bbox 568 2772 639 2814; x_wconf 64' lang='lat' dir='ltr'><strong>nem</strong></span> <span class='ocrx_word' id='word_1_262' title='bbox 649 2758 689 2804; x_wconf 85' lang='lat' dir='ltr'><strong>the</strong></span> <span class='ocrx_word' id='word_1_263' title='bbox 699 2757 760 2816; x_wconf 85' lang='lat' dir='ltr'><strong>hope</strong></span> <span class='ocrx_word' id='word_1_264' title='bbox 769 2756 798 2803; x_wconf 78' lang='lat' dir='ltr'><strong>ol</strong></span> <span class='ocrx_word' id='word_1_265' title='bbox 805 2771 820 2802; x_wconf 78' lang='lat' dir='ltr'><strong>e</strong></span> <span class='ocrx_word' id='word_1_266' title='bbox 829 2756 897 2818; x_wconf 70' lang='lat' dir='ltr'><strong>quic}</strong></span> 
     </span>
     <span class='ocr_line' id='line_1_35' title="bbox 24 2825 859 2874; baseline 0.008 -9"><span class='ocrx_word' id='word_1_267' title='bbox 24 2828 115 2866; x_wconf 76' lang='lat' dir='ltr'><strong>retum</strong></span> <span class='ocrx_word' id='word_1_268' title='bbox 128 2839 181 2872; x_wconf 74' lang='lat' dir='ltr'><strong>was</strong></span> <span class='ocrx_word' id='word_1_269' title='bbox 189 2825 282 2874; x_wconf 78' lang='lat' dir='ltr'><strong>added</strong></span> <span class='ocrx_word' id='word_1_270' title='bbox 856 2851 859 2856; x_wconf 62' lang='grc'><strong><em>»</em></strong></span> 
     </span>
    </p>
   </div>
   <div class='ocr_carea' id='block_1_5' title="bbox 0 0 960 3082">
    <p class='ocr_par' dir='ltr' id='par_1_13' title="bbox 0 0 960 3082">
     <span class='ocr_line' id='line_1_36' title="bbox 0 0 960 3082; baseline 0 2"><span class='ocrx_word' id='word_1_271' title='bbox 0 0 960 3082; x_wconf 95' lang='lat' dir='ltr'><strong> </strong></span> 
     </span>
    </p>
   </div>
   <div class='ocr_carea' id='block_1_6' title="bbox 118 3020 245 3046">
    <p class='ocr_par' dir='ltr' id='par_1_14' title="bbox 118 3020 245 3046">
     <span class='ocr_line' id='line_1_37' title="bbox 118 3020 245 3046; baseline 0 0"><span class='ocrx_word' id='word_1_272' title='bbox 118 3020 245 3046; x_wconf 62' lang='grc' dir='ltr'><strong>Α</strong></span> 
     </span>
    </p>
   </div>
  </div>
 </body>
</html>
