1912 3082
10 1891 20 1970 l

333 144 407 193 LlB.
426 144 483 193 111.
503 146 583 193 ΕΑΒ.
603 146 653 193 vl.
880 144 919 196 59

62 283 114 347 Qui
128 282 171 340 sic
186 280 320 349 tabuerit,
334 281 422 357 longo
435 281 601 339 mministis
614 281 643 337 in
658 281 741 337 avo?

27 354 34 425 ῗ
62 361 97 419 lit
109 362 218 438 placet,
232 371 264 418 et
277 360 378 427 video;
398 361 448 418 sed
461 361 539 436 quod
551 360 700 436 videoque,
716 361 876 438 placetque,

29 452 34 466 '
62 439 125 497 Non
139 450 240 498 tamen
254 439 387 496 invenio:
408 448 504 496 tantus
517 450 598 496 tenet
611 458 688 496 error
701 450 853 497 amantem.

63 518 181 595 Qudque
195 518 288 593 magis
300 517 429 586 doleam;
448 538 503 575 nec
516 537 569 575 nos
582 536 660 575 mare
675 529 786 594 separat
800 520 907 594 ingens,

63 595 121 655 Nec
134 598 191 665 via,
206 614 262 653 neo
275 605 396 664 montes,
410 615 464 654 nec
478 597 582 654 clausis
595 597 700 653 moenia
713 598 810 673 portis,

62 674 173 753 Exigua
185 675 390 752 prohibemur’
405 676 486 751 aqud.
527 675 615 751 Cupit
628 676 689 751 ipse
703 677 801 732 teneri.
856 678 914 732 450

63 752 134 813 Nam
147 754 263 831 quoties
277 753 389 829 liquidis
401 753 577 830 porreximus
591 754 689 811 oscula
702 753 841 830 lymphis3

62 832 118 909 Hic
130 833 220 891 toties
234 832 272 889 ad
285 850 332 889 me
345 832 478 908 resupino
492 832 591 889 nititur
604 851 661 890 ore.
831 837 914 907 [stat.

49 910 147 969 'Posse
160 922 249 988 putes
262 910 359 986 tangi:
378 911 526 967 minimum
540 922 583 968 est
597 911 673 987 quod
687 912 848 968 amantibus
863 914 914 969 ob·

62 991 196 1067 Quisquis
209 1008 250 1058 es,
264 990 322 1046 huc
335 990 391 1047 exi.
428 989 506 1053 Quid
519 1008 573 1058 me,
587 1008 659 1066 puer
672 990 765 1057 unice,
779 990 875 1046 fallis?

61 1070 160 1133 Quove
174 1068 285 1145 petitus
295 1068 380 1125 abis?
402 1068 487 1126 Certe
501 1087 555 1125 nec
568 1068 667 1136 forma,
682 1086 737 1124 nec
751 1078 819 1124 aetas

61 1146 112 1205 Est
126 1166 202 1215 mea,
218 1165 304 1223 quam
317 1146 428 1222 fugias;
448 1157 478 1203 et
491 1147 622 1203 amarunt
636 1164 682 1203 me
697 1145 809 1221 qudque
824 1146 915 1222 Nym·

62 1225 148 1301 Spem
158 1225 237 1293 mihi,
246 1225 344 1282 nescio
353 1244 446 1300 quam,
457 1225 537 1281 vultu
546 1224 687 1301 promittis
698 1224 805 1281 amico:
825 1226 915 1302 [phae.

62 1304 193 1380 (irimque
207 1323 262 1380 ego
275 1303 388 1379 porrexi
403 1303 454 1360 tibi
467 1303 591 1371 brachia,
605 1303 743 1379 porrigis¹
756 1304 848 1361 ultro:

63 1382 139 1440 com
150 1382 207 1453 risi,
222 1382 338 1440 arrides.
377 1382 531 1458 Lacrymas
545 1381 658 1457 quoque
672 1400 747 1458 saepe
761 1384 865 1451 notavi,

61 1460 114 1519 Me
125 1459 311 1538 lacrymante,
325 1471 406 1528 tuas;
426 1471 497 1517 nutu
512 1460 624 1536 quoque
638 1460 718 1536 signa
731 1462 867 1527 remittis3

61 1538 108 1609 Et,
121 1550 263 1617 quantum
276 1549 357 1596 motu
370 1539 485 1595 formosi
500 1539 627 1615 suspicor
640 1540 705 1608 oris,
856 1543 910 1596 461

59 1616 157 1677 Verbo
167 1617 257 1675 refers
269 1636 352 1675 aures
365 1636 421 1673 non
435 1617 627 1694 pervenientia
636 1628 747 1675 nostras
755 1622 776 1675 ⁸.

60 1694 93 1753 In
106 1708 139 1755 te
152 1714 209 1773 ego
222 1714 294 1764 sum,
309 1696 400 1754 sensi:
420 1715 474 1753 neo
487 1714 533 1753 me
547 1714 612 1752 mea
624 1696 698 1753 fallit
711 1697 804 1772 imago
813 1701 835 1753 ⁴.

61 1774 137 1833 Uror
149 1792 247 1831 amore
259 1775 326 1831 mei.
367 1774 508 1831 Flammas
521 1793 678 1850 moveoque
691 1775 815 1851 feroque.

62 1853 139 1917 Quid
150 1852 275 1910 faciam?
288 1871 378 1929 roger,
387 1871 461 1911 anne
468 1853 585 1928 rogem?
599 1853 666 1929 quid
675 1852 778 1910 deinde
788 1854 915 1929 rogabo?

63 1932 148 1995 Quod
161 1931 248 2007 cupio
261 1950 375 1989 mecum
388 1941 440 2000 est,
461 1932 576 2007 inopem
589 1950 636 1988 me
650 1932 733 2007 copia
745 1932 823 1989 fecit.

62 2009 106 2069 01
122 2009 235 2067 utinam
245 2020 342 2067 nostro
352 2010 485 2067 secedere
499 2029 616 2086 corpore
629 2009 760 2086 possem!

62 2087 169 2147 Votum
174 2088 446 2156 inamantenovum3
454 2089 566 2157 vellem,
571 2089 647 2164 quod
652 2107 788 2158 amamus,
793 2092 915 2147 abesset.

62 2166 184 2242 Jamque
198 2166 280 2223 dolor
292 2166 365 2224 vires
378 2167 494 2234 adimit;
514 2186 568 2224 nec
583 2178 712 2243 tempora
723 2167 789 2224 vitae

63 2242 164 2322 Longa
176 2262 250 2303 meoe
263 2256 413 2322 superant3
432 2245 579 2322 primoque
593 2246 744 2321 extinguor
757 2246 785 2301 in
800 2266 868 2303 aevo.

62 2320 124 2382 Nec
137 2322 208 2381 mihi
222 2342 298 2380 mora
311 2324 403 2399 gravis
416 2334 460 2381 est
472 2324 599 2400 posituro
612 2336 704 2381 morte
718 2323 838 2381 dolores.

63 2400 129 2477 Hic,
143 2402 194 2478 qui
207 2401 341 2479 diligitur,
355 2402 456 2460 vellem
470 2403 628 2459 diuturnior
640 2413 724 2460 esset.
858 2405 917 2457 472

63 2478 149 2538 Nunc
162 2480 222 2538 duo
236 2481 392 2538 concordes
405 2481 500 2538 anima
511 2481 663 2539 moriemur
672 2480 702 2537 in
716 2482 781 2538 und.

99 2558 196 2629 Dixit,
209 2570 241 2618 et
252 2559 406 2617 adfaciem
419 2560 501 2617 rediit
515 2560 590 2618 male
604 2578 689 2618 sanus
703 2561 822 2616 eandem
833 2583 839 2623 ;

91 2716 100 2745 ¹
112 2717 274 2770 mammas,
283 2732 319 2762 wa
330 2731 370 2761 are
380 2715 495 2765 hindered
500 2734 509 2777 5
523 2734 558 2766 we
570 2733 610 2766 are
622 2717 683 2780 lrept
693 2725 813 2780 separate.
843 2713 855 2740 ¹
870 2715 934 2760 rev

61 2781 118 2837 ψ
131 2778 237 2837 (helui
251 2776 330 2832 miti).
365 2778 452 2840 ’(Αά)
469 2792 655 2835 nostrasourea.
690 2785 778 2834 ‘Nec
794 2797 852 2830 naeu
868 2782 950 2835 imago

37 2839 160 2894 stanna,
171 2836 286 2883 audon
295 2853 337 2896 ray
346 2840 451 2892 sbadow
464 2848 549 2916 (now)
560 2850 668 2903 deoeire
680 2868 734 2902 me.
