1912 3082
69 125 108 180 74
368 128 619 177 METAMORPH.

68 265 246 324 Conveniunt
259 265 296 323 ad
309 266 396 325 busta
410 265 487 334 Nini,
508 265 672 342 lateantque
686 267 740 323 sub
755 267 857 324 umbri
943 292 956 329 ·.

68 345 196 403 Arboris.
238 345 334 403 Arbor
346 345 395 415 ibi,
410 345 498 402 niveis
512 344 653 403 uberrima
665 345 766 421 pomis,

68 424 169 482 Ardua
182 443 286 493 morus,
300 435 369 494 erat,
383 425 478 501 gelido
492 423 669 482 contermina
681 424 764 482 fonti.
883 424 919 483 9⁰
949 467 956 490 ,

67 503 158 561 Pacta
169 503 303 581 placent3
322 514 353 562 et
366 504 425 573 lux,
440 500 520 560 tarde
534 504 681 562 discedere
693 503 763 572 visa,

67 580 265 659 Praecipitatus
277 583 365 659 aquis,
380 592 411 640 et
424 583 504 658 aquis
517 603 576 641 nox
589 583 679 658 surgit
691 585 728 641 ab
743 583 844 641 isdem.

109 663 220 720 Callida
232 681 283 738 per
296 663 437 730 tenebras,
451 672 562 720 versato
577 662 700 731 cardine,
716 662 825 721 Thisbe

68 739 229 817 Egreditur,
243 740 370 816 fallitque
384 760 467 807 suos;
487 741 680 817 adopertaque
692 741 805 799 vultum

68 819 201 877 Pervenit
214 819 251 877 ad
265 819 415 888 tumulum,
430 820 563 894 dictaque
577 821 630 877 sub
645 821 745 877 arbore
760 820 842 879 sedit.

68 898 219 956 Audacem
232 897 357 956 faciebat
370 917 458 956 amor.
498 898 586 956 Venit
600 917 669 956 ecce
681 899 790 957 recenti

68 977 155 1036 Caede
168 977 267 1046 leaena,
281 979 370 1035 boum
384 987 549 1054 spumantes
562 978 653 1035 oblita
665 977 763 1048 rictus,

67 1056 260 1134 Depositura¹
274 1056 350 1114 sitim
363 1057 448 1114 vicini
461 1057 547 1114 fontis
561 1056 590 1112 in
604 1057 690 1114 undis.

68 1138 163 1200 Quam
175 1136 274 1214 procul
288 1137 326 1195 ad
340 1136 431 1193 Lunae
443 1136 537 1194 radios
551 1135 711 1212 babylonia
725 1134 834 1194 Thisbe

67 1215 165 1284 Vidit;
178 1226 208 1273 et
221 1218 374 1275 obscurum
385 1215 495 1291 trepido
509 1215 583 1291 pede
596 1214 670 1290 fugit
683 1215 713 1270 in
727 1225 850 1275 antrum.
867 1216 922 1273 10⁰

67 1293 203 1371 Dumque
212 1294 294 1370 fugit,
307 1304 387 1369 tergo
401 1294 541 1351 velamina
553 1292 633 1370 lapsa
646 1293 788 1370 relinquit.
951 1302 955 1315 '

68 1373 111 1431 Ut
124 1372 170 1430 lea
182 1392 257 1430 saeva
270 1371 345 1430 sitim
360 1372 451 1430 multia
464 1373 641 1449 compescuit
654 1372 739 1441 unda,
771 1434 774 1439 ,

67 1451 147 1508 Dum
160 1451 234 1509 redit
247 1451 276 1508 iu
290 1451 382 1520 silvas,
397 1451 527 1509 inventos
540 1451 615 1509 forte
629 1450 690 1510 sine
703 1451 784 1529 ipsd²

68 1530 126 1589 Ore
141 1541 289 1589 cruentato
303 1541 405 1588 tenues
418 1529 534 1589 laniavit
548 1529 679 1588 amictus.

109 1610 204 1668 Seriirs
217 1629 348 1686 egressus
360 1609 480 1686 vestigia
492 1610 564 1667 vidit
576 1609 606 1665 in
619 1609 679 1667 alto

67 1688 188 1748 Pulvere
202 1690 299 1751 certa³
312 1690 388 1758 ferae,
403 1699 521 1765 totoque
535 1688 696 1765 errpalluit4
709 1707 759 1746 ora
944 1740 951 1749 .

67 1768 216 1845 Pyramus.
247 1769 289 1828 Ut
302 1768 370 1826 vero
383 1778 492 1826 vestem
506 1768 619 1844 quoque
633 1767 771 1844 sanguine
785 1767 918 1838 tinctam·
950 1786 954 1791 ·

66 1847 214 1924 Repperit,
229 1849 296 1907 Una
310 1848 383 1906 duos
396 1867 463 1917 nox,
477 1847 577 1923 inquit,
591 1847 692 1923 perdet
705 1857 844 1917 amantes,

67 1926 93 1984 E
108 1928 210 2003 quibus
223 1927 272 1984 illa
283 1927 339 1985 fuit
352 1926 439 2003 longis
452 1926 616 2003 dignissima
628 1925 696 1984 vitis.

67 2004 173 2063 Nostra
185 2026 291 2064 nocens
304 2006 399 2064 anima
413 2015 465 2063 est.
494 2006 558 2081 Ego
572 2016 610 2074 te,
624 2004 793 2076 miseranda,
806 2004 924 2082 peremi,

66 2083 101 2141 In
114 2083 179 2140 loca
191 2084 276 2160 plena
289 2087 384 2142 metris
396 2084 445 2160 qui
456 2085 527 2160 jussi
541 2095 627 2142 nocte
640 2085 767 2151 venires;
868 2086 923 2143 lll

66 2160 131 2220 Nec
144 2161 219 2238 prior
231 2163 289 2220 huc
301 2162 376 2220 veni.
418 2162 555 2220 Nostrum
570 2163 697 2222 divellite
711 2182 824 2241 corpus,

66 2240 107 2300 Et
121 2241 258 2298 scelerata
269 2242 330 2299 fero
344 2241 504 2299 consumite
517 2242 626 2300 viscera
638 2262 743 2311 morsu,

67 2319 94 2378 0
109 2319 270 2396 quicunque
283 2323 336 2379 sub
350 2321 406 2378 haic
418 2320 554 2380 habitatis
566 2341 646 2398 rupe,
660 2320 768 2379 leones.
849 2380 853 2385 ,

69 2397 126 2457 Sed
140 2398 232 2456 timidi
246 2411 290 2457 est
302 2411 402 2476 optare
415 2418 526 2457 necem.
566 2400 717 2458 Velamina
731 2400 855 2459 Thisbes

67 2477 165 2546 Tollit,
179 2488 209 2536 et
222 2479 259 2536 ad
272 2491 364 2556 pactae
378 2499 477 2538 secum
490 2479 545 2538 fert
558 2479 666 2537 arboris
679 2481 820 2538 umbram.

69 2557 164 2635 thue
178 2557 258 2615 dedit
270 2568 346 2617 notae
358 2559 507 2637 lacrymas,
522 2558 602 2617 dedit
611 2558 710 2617 oscula
722 2558 804 2628 vesti,

98 2715 105 2743 ¹
123 2717 279 2778 quoritura,
286 2724 311 2764 to
321 2719 421 2779 quenula
452 2714 528 2780 'Ipsd
538 2714 659 2780 (Thisbe).
690 2715 701 2744 ⁸
712 2719 789 2775 Certo,
800 2717 842 2763 the
851 2716 926 2776 plain,

56 2779 99 2822 the
107 2780 231 2829 manr'l'esr.
270 2781 419 2844 ‘Eqralluit
430 2781 461 2830 hs
472 2796 537 2846 grew
548 2781 619 2844 palm
634 2795 650 2826 a
660 2778 768 2840 palene·
777 2780 872 2840 spread.
