1912 3082
71 143 127 202 lot
377 146 629 209 unrauoaerr.

68 284 154 342 Unde
168 294 278 353 sonent,
292 282 493 358 hominemque
506 293 588 358 putat
598 281 671 338 Jove
682 283 768 336 nata¹
782 284 899 337 locutnu

67 363 139 420 Ales
152 371 221 430 erat,
236 381 411 438 numeroque
425 381 528 419 novem
538 380 589 418 sua
602 359 661 418 fata
676 369 836 436 querentes,

66 441 233 499 Institerant
246 442 331 499 ramis
342 441 485 501 imitantes
499 439 595 496 omnia
607 439 688 515 picae.

66 518 187 578 Miranti
201 520 241 578 sic
255 539 319 579 orsa
332 521 403 578 Deoe
414 524 426 557 ²
438 520 503 577 Dea
512 523 541 576 ³:
562 518 662 594 Nuper
675 528 706 575 et
719 515 781 574 istae
860 518 899 574 Sd

67 600 221 657 Auxerunt
234 599 377 657 volucrem
388 599 471 657 victae
485 597 639 655 certamine
653 599 776 654 turbam.

67 678 166 736 Pieros
176 679 227 735 has
241 678 340 753 genuit
355 677 466 737 Pellaeis
477 678 556 734 dives
568 677 597 733 in
609 676 691 734 arvis.

66 757 178 815 Paeonis
189 757 302 832 Euippe
315 767 406 820 mater
419 756 490 813 fuitr
510 755 559 813 illa
572 765 719 831 potentem

65 835 206 900 Lucinam
219 836 325 904 novies,
340 835 438 894 novies
451 836 585 911 paritura,
599 834 720 893 vocavit.

65 915 206 972 Intumuit
216 933 335 973 numero
347 915 513 974 stolidarum
523 916 608 972 turba
622 932 766 980 sororum3

65 993 177 1070 Perque
191 1004 235 1058 tot¹
249 993 406 1064 AEmonias‚
421 1005 450 1052 et
460 1013 511 1070 per
524 1003 569 1051 tot
583 992 729 1051 Achaidas
740 994 827 1051 urbes

65 1072 236 1144 Hucuenit,
251 1083 281 1132 et
295 1074 345 1132 tali
358 1073 541 1133 committunt
552 1072 649 1149 praelia
661 1090 751 1129 voce:

106 1152 238 1213 Desinite
251 1153 398 1211 indoctum
412 1153 485 1210 vania
494 1151 644 1209 dulcedine
658 1151 760 1226 vulgus

65 1230 192 1298 Fallere;
212 1231 371 1301 nobiscum,
386 1231 409 1290 si
423 1242 536 1309 quaest
550 1230 655 1288 fiducia
667 1229 758 1298 vobis,

66 1309 242 1385 Thespiades
254 1320 363 1368 certate
377 1311 468 1369 Deaer
489 1328 543 1367 nec
554 1328 633 1378 voce,
646 1327 701 1366 nec
712 1320 776 1367 arte
859 1310 899 1365 81<

65 1387 236 1455 Vincemur;
256 1388 433 1465 totidemque
446 1408 553 1448 sumus.
593 1388 648 1446 Vel
659 1388 753 1446 cedite
766 1387 850 1446 victae

64 1466 157 1524 Fonte
170 1466 328 1536 Medusaeo,
342 1477 372 1527 et
386 1467 523 1544 Hyantea
537 1467 705 1544 Aganippea

64 1545 119 1602 Vel
132 1565 184 1603 nos
197 1545 337 1605 Emathiis
350 1547 387 1610 ad
402 1547 520 1608 Paeonus
534 1566 624 1623 usque
636 1547 748 1605 nivosos

65 1624 209 1683 Cedamus
221 1625 341 1702 campis:
362 1625 495 1685 dirimant
509 1625 663 1687 certamine
676 1625 828 1701 Nymphae.

105 1704 202 1780 Turpe
216 1705 331 1781 quidem
346 1705 518 1767 contendere
532 1715 610 1772 erat;
628 1705 679 1762 sed
691 1705 793 1763 cedere
806 1705 896 1766 visum

65 1781 198 1859 Turpius.
240 1784 349 1842 Electae
361 1788 457 1862 jurant
470 1802 521 1861 per
534 1783 651 1841 flumina
665 1783 817 1861 Nymphae,

64 1859 210 1938 Factaque
223 1863 260 1920 de
273 1863 337 1921 vivo
351 1866 480 1940 pressere
495 1862 594 1920 sedilia
608 1881 677 1919 saxo
686 1867 708 1919 ⁴.

63 1938 157 2010 Tunc,
172 1941 232 1998 sine
246 1952 322 2001 sorte
334 1943 418 2018 prior,
434 1961 496 2017 quae
510 1961 542 2000 se
553 1951 661 2000 certare
673 1942 799 2018 professa
812 1953 865 2012 est,

65 2016 148 2075 Bella
161 2019 238 2077 canit
254 2020 411 2096 Superdm3
430 2019 558 2096 falsoque
572 2020 722 2078 inhonore
735 2021 867 2098 gigantas

62 2095 159 2165 Ponit,
175 2108 205 2154 et
218 2108 355 2156 extenuat
367 2117 535 2174 magnorum
549 2098 626 2157 facta
638 2100 775 2169 Deorum,
858 2103 899 2157 821

62 2172 263 2250 Emissumque
276 2175 334 2234 ima
345 2177 382 2233 de
395 2177 464 2234 sede
479 2176 617 2254 Typho‘e'a
629 2189 710 2236 terrae

63 2252 214 2310 Caelitibus
226 2253 327 2312 fecisse
341 2265 467 2323 metum3
483 2267 659 2334 cunctosque
673 2257 785 2316 dedisse

63 2329 158 2406 Terga
168 2331 259 2408 fugae:
280 2332 373 2392 donec
385 2333 475 2392 fessos
488 2335 627 2413 AEgyptia
638 2337 724 2395 tellus

62 2410 187 2485 Ceperit,
202 2423 232 2469 et
247 2424 357 2489 septem
370 2412 510 2472 discretus
523 2414 553 2471 in
566 2415 640 2472 ostia
653 2415 746 2474 Nilus.

61 2487 132 2550 Huc
145 2489 259 2568 qnoque
272 2492 442 2569 terrigenam
455 2493 565 2553 venisse
580 2494 718 2572 Typho'e'a
732 2505 836 2564 aurat,

94 2646 101 2676 ¹
114 2648 180 2696 Natu
192 2650 247 2698 June
257 2653 359 2711 suspicit,
376 2652 417 2696 the
435 2650 552 2714 daughter
566 2653 596 2699 of
608 2652 710 2712 Jupiter,
727 2655 743 2700 i.
757 2669 776 2701 e.
797 2653 899 2702 Minerva

59 2708 127 2757 looks
137 2727 177 2770 up.
224 2711 501 2767 memororum.
539 2714 621 2770 ¹Dea,
636 2719 645 2764 ἰ
663 2732 683 2764 e·
700 2719 798 2768 Urania.
837 2717 899 2767 ‘Vn

47 2785 110 2829 ma,
122 2774 242 2839 ollirirrg,
254 2777 270 2826 ι’.
282 2792 301 2826 e.
311 2775 342 2825 of
349 2776 452 2835 natural,
460 2785 545 2837 stone3
555 2777 583 2826 oi
590 2789 658 2826 stoue
666 2779 692 2825 in
702 2779 732 2826 its
744 2779 899 2830 natumluatr

108 3000 254 3036 A
