1912 3082
67 139 106 194 20
365 144 615 193 METAMORPH·

66 278 113 336 Sic
126 277 248 354 aquilam
261 279 357 356 penui
368 279 480 355 fugiunt
493 279 652 356 trepidante
666 279 825 345 columbae3

67 356 172 413 Hostes
186 375 304 433 quaeque
318 377 385 414 suos
394 362 419 415 ¹:
441 377 520 415 amor
533 370 577 416 est
590 358 659 414 mihi
672 375 759 414 causa
772 354 916 433 sequendi.

66 434 116 492 Me
129 434 281 494 miserum!
303 455 340 494 ne
353 456 442 512 prona
455 437 548 504 cudae,
562 437 712 512 indignave
725 434 790 492 laedi

64 513 153 570 Crura
167 524 265 571 secent
279 525 389 581 sentes3
409 526 439 572 et
452 515 504 572 sim
518 515 571 572 tibi
585 533 671 572 causa
684 513 797 570 doloris.

63 591 183 666 Aspera,
197 592 253 667 quai
259 611 401 668 properas,
415 592 479 650 loca
489 603 574 650 sunta
587 591 768 660 moderatius,
783 609 842 659 oro,
857 592 916 647 510

65 669 162 737 Curre,
175 670 328 746 fugamque
341 671 457 738 inhibe;
477 670 650 729 moderatius
663 671 794 746 insequar
807 669 877 745 ipse.

64 748 119 805 Cui
132 748 254 823 placeas,
268 749 377 825 inquire
390 759 494 806 tamen.
537 750 603 807 Non
616 749 710 807 incola
722 747 836 817 montis,

64 825 131 883 Non
145 846 198 901 ego
213 845 275 883 sum
288 839 400 902 pastor:
421 847 478 884 non
490 828 538 885 hic
552 839 679 886 annenta
692 844 827 903 gregesvc

64 904 204 962 Horridus
218 907 346 962 observo.
387 905 496 973 Nescis,
511 906 666 974 temeraria,
681 907 773 963 nescis

64 985 157 1046 Quem
170 982 280 1058 fugias;
300 983 421 1060 iderlque
433 984 517 1060 fugis.
558 985 631 1040 Mihi
647 984 788 1060 Delphica
802 983 896 1053 tellus,

64 1061 103 1119 Et
118 1062 224 1131 Claros,
239 1073 268 1120 et
283 1063 422 1131 Tenedos,
437 1064 619 1139 Pataraeaque
632 1062 710 1138 regia
723 1062 816 1120 servit.

62 1140 175 1216 Jupiter
188 1152 232 1199 est
244 1141 364 1217 genitor.
403 1143 458 1199 Per
471 1160 526 1213 me,
540 1141 616 1217 quod
629 1141 745 1216 eritque,
758 1140 877 1215 fuitque,

64 1218 181 1294 Estque,
195 1231 274 1294 patet
284 1224 311 1286 ²3
330 1240 382 1296 per
394 1239 440 1278 me
454 1221 627 1277 concordant
640 1219 765 1276 carmina
777 1219 880 1276 nervis.

64 1297 149 1354 Certa
163 1298 276 1373 quidem
289 1308 386 1356 nostra
399 1308 459 1356 est:
479 1299 576 1355 nostrai
588 1308 684 1355 tamen
697 1315 755 1354 una
768 1297 873 1372 sagittis

64 1375 182 1442 Certior,
195 1375 225 1432 iu
237 1394 328 1433 vacuo
342 1396 404 1453 quae
417 1377 533 1434 vulnera
545 1387 662 1452 pectore
674 1374 752 1448 fecit.
855 1377 918 1431 520

62 1454 213 1511 Inventum
227 1454 367 1512 medicina
379 1456 495 1512 meum³
508 1465 568 1522 est;
587 1454 732 1530 opiferque
750 1473 803 1530 per
814 1456 916 1512 orbern

63 1533 152 1590 Dicor
163 1556 171 1599 ;
191 1542 220 1590 et
232 1533 382 1590 herbarum
397 1536 526 1610 subjecta
539 1533 667 1609 potentia
680 1532 772 1590 nobis.

63 1610 121 1668 Hei
135 1611 211 1678 mihi,
225 1611 302 1687 quod
315 1612 399 1670 nullis
413 1631 491 1669 amor
504 1623 548 1669 est
561 1611 736 1670 medicabilis
749 1609 862 1677 herbis;

63 1688 126 1747 Nec
138 1701 256 1765 prosunt
270 1690 393 1758 domino,
407 1710 470 1766 quae
481 1702 600 1766 prosunt
613 1691 753 1758 omnibus,
767 1688 862 1749 artes!

103 1769 188 1826 Plura
201 1769 361 1825 locuturum
375 1769 473 1826 timido
490 1770 594 1826 Peneia
607 1787 691 1826 cursu

63 1845 155 1922 Fugit,
169 1866 290 1922 cumque
304 1847 365 1923 ipso
377 1850 463 1905 verba
476 1847 641 1922 imperfecta
653 1845 782 1921 reliquit:

63 1924 136 1980 Tum
151 1925 263 2001 quoque
276 1925 336 1982 visa
349 1926 461 1984 decens.
502 1924 658 1982 Nudabant
672 1943 790 2000 corpora
802 1922 890 1992 venti,

62 2003 210 2078 Obviaque
223 2004 354 2061 adversas
366 2004 515 2060 vibrabant
527 2003 642 2060 flamina
654 2012 766 2070 vestes3

25 2148 27 2152 ¹
62 2081 101 2138 Et
114 2081 183 2138 levis
196 2081 346 2156 impexos⁴
357 2092 432 2138 retro
445 2080 533 2137 dabat
546 2099 614 2138 aura
627 2080 762 2156 capillos:

63 2161 214 2235 Auctaque
223 2159 313 2215 forma
321 2158 390 2234 fugi
399 2170 451 2216 est.
483 2158 625 2216 Sedenim
635 2178 693 2216 non
704 2159 824 2217 sustinet
837 2158 914 2218 ultra

61 2239 182 2295 Perdere
196 2237 346 2295 blanditias
357 2236 468 2314 juvenis
478 2237 577 2293 Deus:
596 2248 685 2314 utque
698 2241 833 2296 movebat
852 2239 910 2295 531

61 2317 125 2391 lpse
140 2335 226 2382 amor,
241 2316 362 2372 admisso
377 2315 501 2390 sequitur
514 2315 632 2390 vestigia
645 2335 739 2390 passu.

63 2395 103 2452 Ut
116 2394 194 2451 canis
207 2394 235 2450 in
249 2412 339 2450 vacuo
352 2394 477 2470 leporem
491 2392 557 2451 cnm
571 2393 699 2451 Gallicus
712 2412 778 2452 arvo

60 2472 155 2539 Vidit3
175 2472 263 2530 ethic
276 2472 399 2548 praedam
413 2471 533 2547 pedibus
546 2472 626 2546 petit,
641 2471 688 2531 ille
702 2473 831 2532 salutem.

60 2553 143 2610 Alter
155 2552 294 2608 inhaesuro
308 2549 413 2619 similis,
424 2553 483 2626 jam
495 2553 610 2626 Jamque
624 2561 720 2608 tenere

92 2709 214 2767 'eroeque
234 2703 355 2770 (fugiunt)
380 2722 431 2753 snos
449 2709 528 2752 hostes.
559 2704 655 2758 'Patet
681 2721 701 2751 ts
722 2707 791 2752 made
812 2707 910 2753 known.

47 2768 148 2813 'Mam
163 2773 293 2823 inventum,
313 2784 355 2830 my
370 2767 502 2820 invention,
519 2785 553 2816 nr.
570 2783 610 2828 my
629 2769 757 2829 discovery.
788 2769 912 2830 ‘impetor

26 2829 138 2883 ‘willon
153 2831 294 2881 andrensed
303 2833 375 2892 lialr3
393 2832 497 2881 careless
508 2831 584 2879 looks.
