1912 3082
292 117 366 165 ΜΒ.
385 119 409 165 1.
429 119 510 166 ΓΑΒ.
530 119 581 167 lx.

14 254 81 312 Vitta
94 255 253 312 coercebat
266 254 372 329 positos
384 255 445 313 sine
458 256 522 333 lege
535 258 663 335 capillos.

14 332 90 393 Multi
104 333 185 389 illam
201 333 326 408 petiere:
345 332 394 390 illa
406 347 534 393 aversata
547 347 678 412 petentes
687 339 704 406 ¹,

14 411 160 488 Impatiens
173 429 332 487 expersque
346 411 404 478 viri,
418 432 565 470 nemorum
578 416 641 473 avia
653 416 773 482 lustrat:

14 489 63 548 Nec
71 490 143 566 quid
148 489 278 565 Hymen,
287 489 354 564 quid
360 491 459 560 Amor,
468 492 536 567 quid
544 493 601 550 sint
609 494 760 560 connubia,
770 514 805 551 cu

14 569 83 645 laepe
96 579 182 644 pater
196 567 286 625 dixit:
313 567 458 625 Generum
472 570 548 639 mibi,
562 571 628 639 filia,
642 572 740 631 debes.
800 583 812 630 l

14 646 82 724 Saepe
96 658 183 723 pater
196 646 286 703 dixit:
314 647 413 704 Debes
425 647 502 716 mihi,
517 661 592 717 nata,
606 661 735 726 nepotes.

14 725 61 794 illa,
76 726 156 784 velut
171 725 288 792 crimen,
302 725 390 782 tedas
403 745 490 783 exosa
500 727 619 803 jugales,

14 805 124 863 Pulchra
137 804 301 861 verecundo
315 803 484 861 suffunditur
497 823 546 861 ora
558 808 679 874 rubore;

14 883 90 960 inque
103 883 196 959 patris
209 881 321 940 blandis
334 881 441 939 haerens
454 883 563 940 cervice
576 882 697 953 lacertis,

14 962 49 1019 Da
61 962 133 1018 mihi
146 961 293 1037 perpetui,
308 960 418 1035 genitor
431 960 581 1030 carissime,
595 962 676 1031 dixit,

14 1040 175 1117 virginitate
188 1039 259 1096 frui:
280 1037 359 1095 dedit
372 1039 427 1095 hoc
439 1049 520 1115 pater
532 1040 600 1097 ante
615 1040 726 1098 Dianoe.

14 1119 54 1178 ille
66 1118 185 1196 quidem
199 1117 383 1193 obsequitur:
402 1117 452 1174 sed
465 1128 495 1174 te
508 1118 595 1175 decor
603 1117 666 1186 iste,
680 1118 757 1194 quod
766 1131 850 1194 optus

14 1197 74 1258 Esse
85 1207 185 1263 vetat:
203 1206 327 1272 votoque
340 1207 390 1273 tuo
404 1206 454 1253 tua
466 1195 557 1254 forma
569 1207 717 1273 repugnat.

14 1276 131 1335 l’hoebus
144 1285 240 1341 amat:
253 1274 374 1350 visaeque
387 1274 466 1350 cupit
476 1275 618 1333 connubia
629 1275 783 1352 Daphnes:
798 1277 856 1330 490

14 1356 132 1431 Quaeque
146 1353 236 1430 cupit,
250 1363 360 1429 sperat:
379 1371 486 1429 suaque
499 1353 580 1410 illum
592 1353 707 1412 oracula
719 1353 830 1411 fallunt.

16 1434 101 1509 'ltque
115 1433 194 1490 leves
207 1430 318 1507 stipulae
331 1431 433 1489 demtis
446 1431 596 1489 adolentur
607 1431 716 1500 aristis:

22 1513 45 1570 lt
57 1513 171 1570 facibus
184 1529 266 1587 sepes
279 1509 387 1578 ardent,
401 1529 470 1586 quas
483 1511 556 1568 forte
569 1511 660 1568 viator.

27 1591 56 1648 'el
70 1589 156 1648 nimis
168 1587 304 1656 admovit,
317 1588 362 1646 vel
373 1592 431 1665 jam
446 1590 499 1646 sub
512 1588 595 1646 luce²
609 1589 737 1665 reliquit:

35 1690 51 1727 c
66 1670 150 1727 Deus
164 1667 193 1724 in
207 1668 335 1725 flammas
347 1667 433 1733 abiit;
453 1667 494 1725 sic
507 1678 623 1742 pectore
636 1678 698 1724 toto

39 1748 112 1815 itur,
128 1757 158 1804 et
171 1745 295 1803 sterilem
308 1746 446 1821 sperando
460 1746 548 1803 nutrit
561 1764 695 1803 amorem.

45 1836 124 1883 ectat
139 1825 283 1881 inornatos
296 1823 370 1880 collo
383 1824 506 1899 pendere
520 1823 645 1901 capillos.

52 1954 53 1960 ,
68 1903 170 1969 Quid?
191 1902 214 1960 si
228 1913 384 1969 comantur,
398 1902 446 1958 ait.
486 1902 573 1960 Videt
587 1902 652 1977 igne
665 1901 812 1968 micantes,

56 1984 153 2040 eribus
167 1980 280 2049 similes,
294 1979 401 2037 oculos.
440 1979 527 2037 Videt
540 1980 654 2048 oscula:
673 2000 736 2057 quae
749 1999 806 2038 non

72 2061 176 2118 vidisse
189 2061 268 2117 satis.
307 2058 420 2116 Laudat
433 2058 600 2135 digitosque,
614 2077 778 2136 manusque,
797 2061 856 2116 500

66 2141 192 2213 emaque,
206 2149 236 2195 et
249 2138 340 2194 nudos
355 2137 447 2193 medii:
459 2137 523 2213 plus
536 2147 616 2213 purte
629 2137 758 2195 lacertos.

71 2237 107 2274 ua
121 2217 221 2283 latent,
237 2215 352 2272 meliora
365 2225 456 2290 putat.
496 2215 581 2291 Fugit
593 2215 671 2272 ocior
683 2216 753 2274 aurd

75 2294 145 2360 levi;
165 2293 307 2368 nequead
321 2294 381 2349 baec
395 2294 551 2350 revocantis
565 2295 650 2351 verba
662 2293 784 2352 resistit:

82 2372 191 2447 ¹rrnpha,
205 2390 313 2447 precor,
328 2370 425 2438 Penei,
440 2389 538 2428 mane:
554 2390 609 2428 non
620 2371 751 2449 insequor
759 2371 858 2430 bostis.

88 2452 151 2527 pha,
166 2469 259 2506 mane.
297 2449 344 2507 Sic
358 2468 432 2525 agna
446 2450 552 2525 lupum,
567 2449 607 2509 sic
621 2469 704 2509 cerva
717 2451 828 2508 leonem
837 2454 858 2515 ³,

97 2604 207 2663 ominus)
218 2616 316 2665 petentes
328 2607 423 2665 (iilam).
433 2610 470 2653 tlte
481 2623 531 2651 men
543 2606 640 2665 secking
651 2609 708 2658 ben
726 2605 767 2648 lrcr
777 2603 859 2648 lovers.

109 2671 188 2731 light;
200 2670 313 2730 daylighvt.
345 2669 354 2697 ⁸
365 2669 430 2715 Ordo
442 2679 492 2723 est:
507 2671 546 2714 Sic
558 2684 618 2726 agno
631 2665 715 2730 (fugit)
727 2668 815 2724 lupum,
826 2666 860 2708 :lc

106 2730 173 2794 ugit)
185 2735 277 2779 leonum.
