1912 3082
68 110 127 171 148
369 114 621 166 METAMORPH.
653 118 657 151 :

67 251 152 310 Nube
162 249 236 321 vehi,
249 251 391 329 validique
404 253 529 312 humeris
542 253 670 310 insistere
685 251 814 310 Atlantis
855 252 858 257 ⁴
907 253 914 267 ’

65 330 255 408 Palantesque
268 329 378 389 animos
388 333 494 408 passim
508 352 542 390 ac
552 331 667 389 rationis
681 328 800 407 egentes
821 351 826 359 ⁴
847 333 917 391 ’150
952 358 954 379 =

64 409 243 486 Despeetnre
256 410 365 485 procul,
376 411 557 488 trepidosque
569 411 735 488 obitumque
750 409 886 470 timentes

16 521 18 524 ·
65 487 113 546 Sic
127 489 278 560 exhortari,
293 489 450 567 seriemque
464 491 593 548 evolvere
606 489 666 548 fati.

63 661 232 741 Euphorion
244 665 275 722 in
285 663 485 739 Pytioqoram,
494 667 705 741 aquodeomta
715 683 808 722 rerum
817 672 917 743 ternpo-

279 743 514 802 obusmutentur.
556 761 628 801 uns.
644 762 694 801 111.

64 883 91 941 0
107 901 208 942 onnus
222 884 375 943 attonitum
389 885 490 962 gelidoe
503 885 653 943 fonnidine
667 883 766 941 mortis
780 882 789 944 1
859 886 921 943 153·

63 962 141 1026 Quid
157 963 254 1041 Styga,
270 964 337 1041 quid
351 967 493 1035 tenebras,
508 964 575 1040 quid
590 964 785 1020 nominarana
799 962 922 1036 timetis..

62 1039 216 1100 Materiem
230 1054 336 1112 vatum,
350 1043 469 1121 falsique
484 1043 597 1120 piacula
610 1042 732 1099 mundi?

64 1121 190 1196 Corpora
204 1121 262 1180 sive
272 1141 358 1199 rogus
371 1123 494 1191 flammi,
509 1141 560 1180 seu
573 1123 641 1179 tabe
654 1130 781 1178 vetustus

63 1199 233 1268 Abstulerit,
248 1201 323 1258 muln
336 1220 419 1277 posse
432 1201 491 1277 pati
502 1220 559 1258 non
573 1199 631 1257 ulla
640 1198 756 1275 putetis.

62 1276 160 1335 Morte
172 1289 270 1335 carent
280 1279 400 1348 animae3
420 1297 595 1356 semperque,
611 1279 703 1354 priore
717 1275 818 1336 relicti
911 1275 918 1283 “

64 1355 147 1424 Sede,
162 1356 241 1412 novis
252 1356 382 1413 habitant
396 1357 529 1415 domibus
542 1359 696 1433 vivuntque
708 1365 842 1431 recepte.

62 1433 128 1508 Ipse
139 1453 203 1509 egn,
218 1452 284 1490 num
295 1435 419 1504 memini,
435 1435 551 1512 Trojani
565 1446 693 1511 tempore
704 1434 774 1493 belli
858 1432 919 1493 16&

62 1511 237 1570 Panthoides
251 1513 423 1589 Euphorbus
438 1533 524 1583 eram,
540 1513 586 1571 cui
600 1524 717 1588 pectore
731 1513 876 1588 quondam

64 1590 144 1649 Sedit
158 1591 187 1646 in
201 1591 318 1650 adverso
333 1593 426 1668 gravis
437 1593 519 1651 hasta
533 1592 648 1649 minoris
662 1592 782 1649 Atridae.

63 1670 192 1746 Cognovi
206 1671 348 1748 clypeum,
364 1671 441 1728 laevae
454 1672 612 1747 gestamina
623 1682 735 1740 nostrae,

63 1748 163 1824 Nuper
177 1751 318 1809 Abanteis
332 1751 440 1827 templo
454 1751 575 1808 Junonis
587 1750 617 1807 in
632 1750 727 1826 Argis.

98 1828 203 1887 Omnia
216 1840 379 1897 mutantur3
398 1830 468 1887 nihii
481 1830 586 1887 interit.
626 1829 718 1896 Errat,
733 1839 763 1887 et
776 1828 857 1889 illinc

63 1905 133 1964 Huc
146 1907 232 1977 venit,
246 1909 313 1965 hinc
324 1908 401 1977 illuc,
416 1919 446 1966 et
459 1909 601 1985 quoslibet
615 1919 738 1983 occupat
751 1919 832 1966 artus

64 1983 202 2060 Spiritus:
222 2005 295 2062 eque
308 1987 374 2044 feris
389 1989 514 2044 humana
527 1988 556 2043 in
567 2005 684 2062 corpora
696 1987 805 2056 transit,

62 2062 153 2138 Inque
166 2064 240 2121 feras
253 2075 357 2132 noster,
372 2083 426 2122 nec
438 2075 566 2140 tempore
578 2065 688 2141 deperit
702 2065 770 2122 ullo.

62 2141 161 2217 thue
171 2141 251 2198 novis
263 2142 353 2199 facilis
368 2143 495 2217 signatur
505 2162 570 2200 cera
583 2144 689 2218 figuris,

63 2218 126 2276 Nee
140 2229 236 2276 manet
249 2230 283 2276 ut
295 2219 397 2288 fuerat,
411 2239 465 2277 nec
478 2221 582 2278 formas
593 2233 686 2279 servat
700 2222 824 2290 easdem,
858 2222 915 2279 170

63 2298 121 2356 Sed
131 2309 226 2355 tamen
237 2298 298 2374 ipsa
305 2299 405 2355 eadem
415 2310 472 2356 est:
486 2299 609 2357 animam
624 2300 664 2357 sic
673 2320 785 2378 semper
793 2301 914 2359 eandem

62 2376 143 2447 Esse,
158 2377 209 2435 sed
222 2377 251 2434 in
264 2378 355 2435 varias
365 2378 456 2436 doceo
469 2379 590 2454 migrare
603 2379 717 2455 figuras.

61 2455 148 2532 Ergo,
162 2476 199 2514 ne
213 2457 304 2532 pietas
318 2457 354 2516 sit
367 2457 443 2515 victa
455 2458 588 2534 cupidine
598 2459 712 2527 ventris,

61 2535 183 2604 Parcite,
197 2537 343 2607 vaticinor,
358 2548 495 2613 cognatas
509 2538 587 2594 caede
598 2537 721 2594 nefandd

61 2613 222 2672 Exturbare
234 2617 342 2673 animas
354 2638 361 2673 ε
380 2636 433 2674 nec
446 2617 583 2691 sanguine
593 2616 708 2690 sanguis
719 2615 821 2673 alatur.

103 2694 142 2749 Et
154 2693 287 2768 quoniam
300 2713 404 2770 magno
418 2695 492 2751 feror
505 2713 627 2770 aequore,
641 2694 782 2770 plenaque
793 2695 889 2753 ventis

58 2770 126 2827 Vela
140 2771 211 2829 dedi
216 2795 228 2840 ,0
244 2771 315 2829 nihii
330 2783 375 2830 est
389 2783 451 2831 toto
464 2773 541 2850 quod
550 2782 658 2849 perstet
671 2773 700 2828 in
714 2775 793 2830 orbe.

33 2846 155 2908 Cuncta
166 2852 277 2926 fluunt,
295 2853 453 2935 omnisque
466 2851 725 2932 vagonstormutur
736 2850 847 2923 ’ΜΨ
916 2886 919 2890 ’
