1912 3082
293 112 366 163 Lm.
385 112 440 161 111.
459 112 541 162 FAB.
559 114 612 161 tx.
846 115 884 169 65

28 252 87 321 ille,
101 268 186 307 mero
198 268 355 327 somnoque
367 248 468 324 gravis,
481 248 622 309 titubare¹
632 250 752 320 videtur,

29 332 142 407 Vixque
155 329 254 406 sequit
274 338 374 404 specto
387 327 506 397 cultum,
515 328 684 405 faciemque,
698 331 884 408 gradumque

31 410 76 467 Nil
87 410 139 478 ibi,
155 408 234 486 quod
246 417 343 484 posset
356 407 433 465 credi
445 408 575 477 mortale,
588 408 729 467 videbam.
825 413 884 469 610

31 488 67 547 Et
78 488 165 557 sensi,
180 498 212 546 et
224 487 285 545 dixi
297 486 389 555 sociis,
403 487 490 551 Quod
502 506 610 545 numen
623 487 653 547 in
666 488 722 547 isto

32 568 155 645 Corpore
169 566 216 636 sit,
231 565 349 632 dubito;
361 566 412 624 sed
421 584 540 642 corpore
553 585 659 625 numen
672 566 701 623 in
715 566 771 627 isto
783 580 836 627 est.

31 646 163 724 Quisquis
176 665 219 714 es,
234 645 280 705 0!
301 644 406 713 faveas,
419 645 579 721 nostrisque
591 644 738 704 laboribus
750 646 835 705 adsis.

30 726 82 784 His
95 725 215 802 quoque
227 724 278 782 des
291 724 412 782 reniam.
452 725 508 783 Pro
520 724 604 782 nobis
617 725 699 783 mitte
712 726 830 802 precari,

28 804 130 882 Dictys
144 804 205 872 ait;
218 823 275 879 quo
288 822 346 861 non
360 803 431 862 atius
444 804 636 863 conscendere
649 823 773 863 summas

29 883 114 942 Ocior
123 892 276 952 antennas,
288 901 449 959 prensoque
461 883 582 941 rudente
594 883 692 941 relabi.

30 962 93 1020 Hoc
107 962 212 1038 Libys,
224 961 281 1019 hoo
293 962 393 1030 flavus,
406 981 497 1038 prorae
509 962 599 1019 tutela
608 966 628 1030 ²,
644 962 818 1030 Melanthus,

30 1042 93 1101 Hoc
100 1042 209 1118 probat
220 1040 405 1110 Alcimedon3
416 1050 454 1108 et,
466 1040 513 1116 qui
522 1040 704 1116 requiemque
712 1041 884 1117 modumque

30 1120 105 1179 Vooe
117 1120 212 1177 dabat
223 1119 318 1188 remis,
331 1118 488 1177 animomm
501 1120 630 1177 hortator
643 1120 795 1196 Epopeus:

28 1200 93 1259 Hoc
102 1217 208 1257 omnes
217 1198 293 1255 altit
333 1198 440 1256 Praedoe
452 1209 512 1257 tam
525 1217 601 1257 oseca
614 1198 719 1275 cupido
733 1207 786 1256 est.
826 1200 884 1255 620

29 1278 93 1337 Non
106 1288 208 1336 tamen
220 1277 295 1335 hanc
308 1296 389 1335 sacro
401 1277 499 1336 violari
512 1277 638 1355 pondere
651 1278 774 1354 pinum⁴

29 1357 184 1435 Perpetiar,
198 1356 276 1414 dixi:
293 1376 359 1433 pars
371 1357 418 1416 hic
431 1356 500 1413 mihi
513 1356 637 1415 maxima
644 1356 714 1434 juris
724 1360 746 1414 ὅ.

28 1436 118 1513 loque
131 1435 215 1494 aditu
228 1436 345 1494 obsisto.
385 1435 463 1493 Furit
477 1435 679 1493 audacissimus
693 1436 770 1495 omni

28 1515 74 1573 De
87 1534 210 1573 numero
224 1515 374 1592 Lyoabas3
387 1515 435 1591 qui
449 1514 565 1572 Thuscir
577 1514 676 1590 pulsus
689 1516 726 1573 ab
740 1516 811 1573 urbe

30 1594 182 1661 Exsilium,
195 1593 258 1651 dira
270 1612 384 1670 poenam
397 1613 448 1670 pro
462 1594 551 1662 caede,
564 1594 672 1651 luebat.

29 1674 57 1731 ls
69 1673 151 1742 mihi,
166 1673 236 1729 dum
247 1682 332 1741 resto,
344 1672 461 1748 juvenili
474 1682 591 1747 guttura
603 1691 702 1749 pugno

30 1752 143 1829 Rupit:
162 1761 192 1809 et
206 1770 357 1808 excussum
370 1751 492 1808 misisset
505 1751 534 1807 in
548 1770 677 1827 aequora3
692 1750 782 1808 sinon

29 1831 194 1900 Hmsissem,
208 1829 334 1907 quamvis
346 1849 444 1888 amens
456 1833 476 1899 ⁶,
486 1829 516 1887 iu
527 1829 596 1887 fune
608 1840 744 1888 retentus.

135 1987 242 2046 Nautoe
253 1989 285 2045 ia
297 1986 453 2064 nepam
464 1989 594 2046 moun.
635 2004 706 2044 rna.
728 2004 769 2043 rx.

31 2148 126 2204 luris
142 2148 229 2204 turba
235 2147 359 2223 probunt
366 2146 484 2205 factum.
525 2146 600 2203 Tum
614 2143 735 2220 denique
745 2144 884 2211 Bacchus,

31 2226 162 2284 Bacchus
175 2224 251 2283 euim
264 2224 365 2295 fuerat,
379 2224 467 2283 veluti
480 2225 602 2283 clamore
616 2224 725 2282 solutus
825 2226 884 2280 630

60 2384 67 2413 ¹
85 2385 205 2438 Titubura
217 2391 350 2446 tostsgger.
384 2382 394 2411 ¹
408 2385 488 2429 Tutela
496 2399 581 2443 μονα,
594 2382 633 2427 the
642 2381 762 2439 keeperoi
767 2383 805 2427 tho
813 2380 885 2433 heim,

31 2448 45 2493 i·
57 2464 77 2494 e.
90 2448 132 2493 the
143 2455 280 2500 muman,
297 2463 329 2499 or,
342 2446 408 2505 pilot.
440 2444 513 2492 'Alii
522 2461 597 2492 omnes
605 2443 726 2507 (probunt)
737 2450 785 2497 troo,
802 2444 832 2488 all
846 2445 885 2488 the

31 2522 80 2565 rest,
93 2527 130 2565 or,
146 2511 188 2557 the
196 2517 243 2555 rest
253 2509 281 2555 oi
287 2511 326 2555 the
337 2523 404 2561 areu,
416 2524 512 2567 opprove
523 2510 551 2571 (ff
558 2508 610 2553 this.
646 2506 655 2534 ⁴
668 2510 760 2558 Pinum,
773 2509 812 2552 the
821 2505 883 2563 pirre.

31 2574 44 2617 i.
59 2588 80 2619 e.
92 2574 134 2619 the
147 2572 217 2632 ship3
233 2573 332 2619 because
342 2570 412 2617 made
423 2570 451 2616 oi
458 2570 513 2628 pino
524 2570 598 2616 wood.
630 2569 640 2597 ¹
653 2572 681 2615 H
682 2568 703 2615 ie
715 2572 813 2614 marinna
828 2582 887 2626 pars

25 2634 85 2693 juris
108 2632 158 2692 est)
175 2638 240 2688 nuti,
256 2636 312 2681 here
323 2633 363 2681 the
373 2640 476 2695 greatest
490 2640 542 2691 part
557 2632 586 2678 oi
598 2631 662 2693 right
672 2634 692 2677 is
703 2630 783 2685 mine;
799 2631 824 2673 ot
841 2628 887 2672 this

31 2697 80 2759 strip
118 2706 245 2759 egreatest
259 2698 327 2743 share
337 2697 469 2758 belongsto
481 2709 527 2741 me.
562 2693 679 2751 ‘Anrenq
695 2692 817 2744 senseiess.
832 2691 851 2736 ί.
865 2704 889 2738 e.

33 2760 178 2819 otunuedby
190 2760 305 2806 stretton.
419 2821 443 2871 F
