1912 3082
332 111 406 160 LIB.
426 111 466 158 11.
486 111 566 168 FAB,
585 113 609 159 1.
858 113 896 166 88

31 247 183 324 Scorpion,
198 257 285 321 atque
298 246 395 303 aliter¹
410 258 575 304 curvantem
588 247 704 304 brachia
719 248 871 306 Cancrum.

32 328 94 384 Nec
107 326 164 384 tibi
177 326 376 401 quadrupedes
390 325 532 383 animosos
544 326 659 402 ignibus
673 326 737 394 illis,

34 408 110 468 Quos
125 405 155 461 in
169 415 289 480 pectore
302 404 417 470 habent,
431 423 502 479 quos
516 424 565 462 ore
578 415 608 462 et
622 406 736 462 naribus
750 407 853 474 efflant,

34 485 66 540 ln
79 494 217 560 promptu
230 485 348 558 regere²
362 492 415 539 est.
456 482 512 539 Vix
526 503 572 540 me
586 483 740 558 patiuntur,
755 497 787 542 ut
801 506 880 544 acres

34 563 182 619 Incaluere
196 561 300 626 animi;
321 561 471 636 cervixque
484 573 625 638 repugnat
637 562 766 620 habenis.

36 643 76 698 At
88 653 129 708 tu,
143 640 253 697 funesti
267 659 303 696 ne
317 640 369 696 siin
384 639 435 696 tibi
450 640 574 697 muneris
587 651 695 708 auctor,

35 719 117 787 Nate,
132 738 222 784 cave;
249 719 316 775 dum
331 737 431 793 resque
445 719 511 775 sinit
519 719 540 787 ³,
555 729 604 775 tua
617 720 726 794 corrige
739 731 814 778 vota.

35 798 159 865 Scilicet,
173 808 207 854 ut
221 807 318 854 nostro
331 797 459 872 genitum
474 809 504 854 te
517 797 654 872 sanguine
667 798 774 866 credas,
856 802 894 856 90

34 876 158 952 Pignora
171 887 251 933 certa
264 876 355 951 petis:
375 876 412 932 do
426 875 544 952 pignora
558 886 636 934 certa
649 876 775 935 timendo
785 876 814 944 *ς

36 955 73 1013 Et
85 955 179 1031 patrio
194 965 275 1030 pater
288 973 350 1012 esse
364 966 442 1012 metu
456 956 570 1030 probor.
611 954 739 1030 Adspice
752 956 848 1013 vultus

35 1034 110 1092 Ecce
125 1052 225 1100 meos3
244 1033 409 1108 utinamque
423 1033 521 1090 oculos
535 1032 564 1088 in
578 1043 695 1108 pectora
708 1053 805 1108 posses

34 1113 171 1181 inserere,
186 1123 217 1169 et
230 1112 335 1188 patrias
348 1112 424 1169 intus
438 1110 632 1188 deprendere⁵
647 1111 746 1170 curas!

34 1191 178 1267 Denique,
192 1190 330 1266 quidquid
343 1190 431 1248 habet
445 1190 532 1258 dives,
547 1190 741 1266 circumspice,
756 1192 878 1249 mundus

34 1270 116 1347 Eque
130 1280 224 1327 totae
238 1269 325 1327 tantis
339 1269 412 1337 coeli,
427 1280 574 1345 terraeque,
588 1268 737 1345 marisque,

34 1349 126 1406 Posce
140 1348 225 1405 bonis
239 1348 364 1424 aliquid;
384 1348 490 1404 nullam
505 1348 612 1424 patiere
625 1347 775 1423 repulsam.

33 1428 184 1504 Deprecor
196 1426 253 1485 hoc
266 1446 364 1495 unum,
379 1426 454 1503 quod
468 1445 534 1483 vero
548 1426 662 1484 nomine
676 1445 770 1502 poena,

34 1505 101 1563 Non
111 1507 209 1572 honor
215 1517 259 1563 est
269 1529 276 1572 ;
289 1525 412 1582 poenam,
425 1506 582 1573 Pha'e'thon,
593 1523 644 1581 pro
655 1524 780 1573 munere,
792 1506 896 1581 poscis.

34 1585 112 1648 Quid
125 1603 192 1641 mea
205 1584 279 1641 colla
293 1595 374 1641 tenes
387 1583 507 1651 blandis,
522 1583 628 1659 ignare,
642 1583 778 1641 lacertis?
839 1586 895 1641 100

35 1663 79 1721 Ne
94 1662 208 1731 dubita,
222 1663 344 1729 dabitur,
360 1663 472 1738 Stygias
484 1662 638 1738 juravimus
651 1662 752 1731 undas,

34 1741 236 1816 Quodcunque
250 1741 373 1818 optaris,
392 1741 443 1799 sed
457 1751 489 1797 tu
503 1739 659 1816 sapientids
672 1750 750 1817 opta.

72 1819 220 1876 Finierat⁵
233 1819 375 1877 monitusa
395 1818 478 1876 dictis
495 1829 592 1876 tamen
605 1818 652 1876 ille
662 1821 673 1856 ⁷
685 1830 843 1895 repugnem

34 1896 274 1974 Propositumque
288 1908 384 1966 tenet3
403 1899 560 1973 flagratque
574 1897 706 1973 cupidine
720 1899 827 1956 currui.

34 1978 122 2052 Ergo,
137 1975 215 2052 qua⁸
227 1977 316 2045 licuit,
330 1976 442 2052 genitor
455 1986 614 2043 cunctatur,
628 1977 666 2032 ad
679 1976 753 2034 altos

33 2055 166 2114 Deducit
177 2058 319 2131 juvenem,
335 2054 474 2112 Vulcania
487 2073 612 2121 munera,
627 2073 734 2112 currus.

35 2137 152 2192 Aureus
166 2133 228 2191 axis
242 2144 311 2203 erat,
326 2143 403 2190 temo
417 2152 528 2201 aureus,
543 2151 628 2190 aurea
641 2153 758 2199 summae

36 2215 197 2272 Curvatura
210 2223 296 2278 rotae3
316 2212 457 2268 radiorum
472 2222 623 2287 argenteus
637 2211 715 2267 ordo.

36 2292 90 2351 Per
101 2293 175 2368 juga
188 2291 362 2368 chrysolithi,
375 2290 530 2367 positaeque
545 2308 581 2346 ex
595 2289 692 2346 ordine
706 2307 826 2365 gemmae

68 2449 75 2479 ¹
87 2452 174 2503 Aliter,
186 2449 327 2506 otlierwise3
344 2448 484 2508 differently,
497 2451 511 2495 ἰ.
520 2464 539 2494 e.
552 2447 632 2493 within
643 2462 657 2492 a
668 2447 763 2493 smaller
771 2461 893 2504 compens:

43 2513 83 2559 See
96 2513 198 2559 Cincer.
233 2512 346 2573 'Regem
363 2520 389 2557 to
410 2512 478 2567 ποίης
502 2520 526 2556 to
543 2525 651 2570 manage.
686 2509 753 2556 'Res
769 2513 832 2558 iiiiii,
850 2507 895 2551 cir·

40 2585 186 2622 rumatances
203 2575 296 2633 permit.
328 2573 337 2602 ⁴
351 2577 469 2627 Timendo,
485 2576 516 2633 by
533 2589 572 2633 my
584 2573 686 2630 anxiety.
718 2571 896 2629 'Deprendere

39 2637 128 2696 ἀνεθεὶς
154 2636 267 2697 perceive.
300 2636 310 2664 ⁸
332 2633 445 2699 (Apollo)
460 2638 569 2700 finierat.
602 2634 676 2686 Uele,
697 2636 711 2679 i.
730 2650 749 2677 e.
771 2632 896 2678 Pluic'tlou.

39 2701 79 2754 ‘Q
95 2697 118 2756 l,
132 2717 159 2748 as
171 2700 229 2761 long
241 2715 272 2746 as.
