1912 3082
149 115 152 119 ’
178 98 253 151 Liar
270 101 320 151 tv.
355 101 437 150 FAB·
456 103 518 150 XV.

11 235 113 296 onides
125 235 211 296 Atlas
222 236 286 294 fuit
326 236 435 296 Ultima
447 238 533 296 tellus
544 241 552 276 ¹

13 317 70 374 sub
83 316 140 373 hoc
152 327 183 374 et
194 319 322 392 pontua¹
334 326 403 385 erat,
417 316 465 392 qui
481 317 554 374 Solis
568 317 675 376 anhelis

12 414 46 453 ra
59 393 157 452 subdit
170 393 258 470 equis,
273 403 303 452 et
315 393 404 452 fessos
416 395 525 472 exeipit
537 414 615 454 axes.

13 493 117 550 greges
130 473 180 541 illi,
195 473 369 550 totidemque
382 484 510 530 armenta
522 493 574 550 per
586 474 688 532 herbas

12 563 59 610 ant
71 576 79 618 ;
99 562 130 609 et
142 552 261 608 humum
274 551 376 609 vicinia
388 551 467 610 nulla
479 554 655 628 premebant.

12 650 55 688 eae
67 630 184 688 frondes
197 649 266 687 auro
278 630 405 687 radiante
418 630 541 688 virentes

12 728 47 766 ro
60 728 165 778 ramos,
178 727 216 767 ex
229 727 298 766 auro
311 727 397 785 poma
410 711 556 785 tegebant.

12 807 42 855 es,
55 787 99 844 ait
113 788 233 845 Perseus
247 786 297 855 illi,
311 806 360 845 seu
374 787 464 863 gloria
477 788 568 865 tangit

12 867 88 924 neria
101 865 206 942 magni,
219 865 331 941 generis
343 866 411 922 mihi
424 865 537 942 Jupiter
549 878 666 936 auctum

13 964 28 1002 s
41 945 159 1001 mirator
171 963 275 1012 rerum,
288 943 427 1002 mirabere
441 955 559 1002 nostras.
707 948 767 1004 640

12 1025 85 1080 tium
98 1023 280 1098 requiemque
293 1033 371 1098 peto.
410 1022 524 1080 Memor
537 1023 584 1080 ille
598 1034 718 1082 vetustae

21 1113 93 1169 erat,
108 1101 225 1159 Themis
238 1101 313 1158 hanc
325 1101 442 1159 dederat
456 1102 590 1159 Parnasia
603 1113 718 1170 sortem,

12 1201 53 1249 us,
71 1181 150 1248 Atia,
163 1179 266 1248 veniet,
280 1189 331 1236 tua
343 1198 400 1255 quo
413 1180 580 1256 spoliabitur
592 1199 661 1238 auro

12 1300 21 1327 ‚
36 1270 67 1316 et
80 1259 158 1315 hunc
170 1258 272 1334 praedae
285 1257 400 1316 titulum
414 1258 486 1316 Jove
500 1259 602 1316 natus³
615 1259 741 1316 habebit.

10 1348 106 1404 tuens,
121 1336 218 1393 solidis
233 1337 359 1412 pomaria
372 1336 511 1394 clauserat
525 1338 609 1395 Atlas

12 1418 75 1483 bus,
90 1425 121 1473 et
133 1426 214 1472 vasto
228 1415 345 1473 dederat
358 1415 494 1472 servanda
507 1416 621 1474 draconi
632 1440 639 1484 ;

12 1504 104 1569 »atque
118 1493 176 1550 suis
189 1504 321 1550 externos
334 1493 438 1551 finibus
451 1513 558 1552 omnes.

12 1573 134 1648 quoque,
147 1572 229 1630 Vade
241 1571 350 1648 procul,
364 1591 400 1629 ne
413 1572 498 1648 longe
511 1572 599 1648 gloria
612 1593 713 1642 rerum,

12 1649 148 1718 mentiris,
162 1650 211 1718 ait,
225 1650 272 1707 lon
294 1651 310 1707 ὲ
325 1650 377 1709 tibi
390 1650 503 1726 Jupiter
516 1651 598 1708 absit

12 1747 42 1785 re
55 1728 139 1786 minis
151 1728 248 1795 addit3
267 1670 429 1804 foribusque
443 1729 584 1805 expellere
598 1740 691 1787 tentat
709 1731 768 1787 65⁰

12 1817 120 1875 antem,
135 1817 166 1864 et
177 1806 297 1882 placidis
310 1807 477 1864 miscentem
491 1808 574 1865 fortia
587 1808 680 1866 dictis.

12 1905 35 1942 rs
48 1884 170 1953 inferlm,
185 1885 247 1961 quia
260 1884 336 1942 enim
349 1904 401 1961 par
414 1896 488 1943 esset
503 1885 614 1943 Atlanti

12 1964 57 2020 rs?
98 1964 141 2021 At
154 1964 286 2041 quoniam
299 1963 376 2039 parui
391 1963 443 2021 tibi
456 1964 547 2039 gratia
560 1974 655 2022 nostra
668 1975 720 2034 est,

13 2062 31 2100 e
45 2061 157 2110 munus,
171 2042 228 2099 ait:
248 2041 373 2118 laevique
387 2061 404 2099 a
416 2053 497 2118 parte
513 2043 642 2100 Medusae

11 2131 171 2178 etroversus
184 2120 353 2196 squallentia
365 2121 489 2196 prodidit
502 2140 560 2178 ora.

12 2208 130 2266 maeret,
140 2218 222 2256 mons
232 2197 324 2255 factus
336 2199 428 2255 Atlas.
451 2199 516 2256 Jam
525 2199 614 2255 barba
624 2218 768 2276 eomaeque

12 2296 49 2334 'as
64 2279 188 2343 abeunt3
206 2280 275 2353 juga
288 2287 355 2334 sunt
367 2277 533 2352 humerique
547 2297 710 2352 manusque.

16 2364 106 2431 caput
119 2355 187 2412 ante
199 2354 261 2422 fuit,
283 2373 393 2412 summo
407 2365 451 2412 est
465 2355 493 2410 in
507 2365 604 2411 monte
618 2374 769 2424 cacunem

12 2434 79 2510 apis
91 2433 173 2490 fiunt.
212 2433 286 2489 Tum
299 2444 394 2508 partes
408 2444 509 2489 auctus
523 2432 551 2487 in
566 2452 663 2490 omnes

12 2555 13 2564 ,
27 2513 57 2568 in
72 2511 249 2580 immensum,
264 2511 305 2568 sic
319 2512 360 2569 Di
374 2511 520 2578 statuistis,
534 2521 564 2568 et
578 2529 662 2569 omne
710 2512 769 2567 660

14 2672 63 2716 ima
75 2670 148 2722 tellar,
160 2669 200 2714 the
210 2676 273 2715 most
279 2667 367 2714 distant
376 2667 444 2724 land,
454 2670 469 2714 ἰ,
477 2684 495 2714 e.
510 2667 663 2715 Mauritania.
676 2665 722 2710 and
730 2667 770 2711 the

12 2730 134 2778 icomtof
148 2730 237 2778 Africa,
269 2730 386 2786 'Fortun
403 2745 452 2786 sea,
468 2732 484 2780 i.
495 2749 515 2781 e.
531 2731 608 2780 mira
624 2729 788 2784 htl‘amlaum,

12 2796 74 2842 anab
84 2795 166 2840 areant
203 2792 302 2842 'Natus
312 2797 378 2851 ἶσοι.
390 2798 407 2845 r'.
419 2813 441 2846 e.
457 2799 588 2850 Hercules.
