1912 3082
315 140 387 191 LIB.
407 145 458 191 x1.
478 144 558 192 FAB·
578 144 614 191 X·
849 139 905 195 129

54 275 181 355 Imperat
193 277 249 335 hoc
262 278 349 336 luno.
390 279 544 355 Postquam
556 279 690 336 mandata
702 278 812 355 peregit

54 356 116 424 Iris,
131 357 209 414 abit:
229 358 408 434 nequeenim
422 357 540 414 ulterius
553 357 673 414 tolerare
686 358 797 434 vaporis
846 361 905 416 630

53 434 121 492 Vim
134 445 264 513 poterat;
284 436 397 512 labique
412 446 444 493 ut
461 436 598 493 Somnum
612 435 700 493 sensit
713 435 743 491 in
757 447 843 508 artus,

53 513 174 590 Effugit,
186 525 216 573 et
228 526 336 572 remeat
345 534 396 592 per
410 534 481 591 quos
492 515 578 586 modo
592 525 708 572 venerat
721 530 813 574 anus.

94 597 138 651 At
151 605 261 670 patere
274 594 380 670 populo
394 604 525 650 natorum
539 593 617 652 mille
631 612 747 650 suorum

54 670 173 729 Excitat
187 672 332 740 artificem,
347 672 595 747 simulatoremque
609 672 715 748 figurae,

54 749 207 826 Morphea
248 750 314 807 Non
328 750 399 807 illo'
388 770 482 828 jussos
496 750 626 807 solertius
640 750 712 808 alter

55 827 220 905 Exprimit'
212 847 346 897 mcessus,
360 830 544 920 vultumque,
549 847 706 920 sonumque
720 827 863 906 loquendi,

55 907 166 984 Adjicit
178 919 208 965 et
218 917 320 975 vestes,
335 917 364 964 et
378 907 592 964 consuetissima
603 907 706 983 cuique

55 985 152 1043 Verba
203 986 260 1044 Sed
273 985 320 1042 hic
334 986 409 1042 solos
422 985 572 1042 homines
564 985 699 1042 imitatur.
738 986 780 1042 At
794 986 865 1043 alter

56 1063 101 1122 Fit
111 1064 179 1133 fera,
193 1065 226 1121 fit
239 1064 370 1132 soldaris,
384 1065 418 1121 fit
431 1064 517 1138 longo
532 1081 649 1139 corpore
662 1081 785 1139 serpens.

56 1143 145 1200 Hunc
158 1143 256 1201 Icelon
273 1142 382 1219 Superi,
395 1142 513 1199 mortale
526 1141 690 1199 Phobetora
702 1141 804 1217 vulgus
845 1144 904 1200 640

10 1258 14 1279 .
55 1220 200 1280 Nominat.
243 1221 297 1278 Est
310 1221 397 1279 etiam
411 1221 527 1278 diversae
538 1220 638 1278 tertius
652 1220 720 1278 artis
754 1222 904 1296 [bemque,

55 1298 222 1358 Phantasos.
253 1299 306 1357 Ille
315 1299 343 1355 in
353 1300 480 1367 humum,
490 1317 655 1376 saxumque,
667 1298 837 1377 undamque,
847 1312 904 1358 tra-

55 1381 183 1455 Quaque
197 1389 299 1436 vacant
313 1378 414 1447 animia,
428 1377 548 1435 feliciter
559 1378 654 1436 omnia
666 1379 775 1436 transit.

55 1456 185 1534 Regibus
198 1458 227 1513 hi
238 1462 255 1526 ¹,
270 1457 446 1532 ducibusque
461 1475 526 1514 suos
540 1457 690 1515 ostendere
703 1457 799 1516 vultus

55 1535 150 1593 Nocte
164 1536 274 1593 solent:
294 1536 415 1611 populos
427 1535 474 1591 alii
487 1535 657 1611 plebemque
670 1547 824 1612 pererrant.

93 1613 225 1671 Praeterit
238 1614 290 1670 hos
304 1614 416 1671 senior:
437 1613 603 1689 cunctisque
616 1632 633 1670 e
646 1613 779 1672 fratribus
793 1633 882 1670 unum

55 1691 207 1768 Morphea,
222 1692 270 1768 qui
283 1703 401 1769 peragat
416 1691 641 1748 Thaumantidos
655 1692 732 1749 edita
739 1695 758 1761 ²,
781 1692 903 1750 Somnus

55 1769 144 1846 Eligit
156 1791 164 1827 ι
184 1780 215 1828 et
227 1790 322 1829 rursus
336 1771 415 1827 molli
428 1771 564 1845 languore
578 1769 696 1838 solutus,

53 1847 253 1925 Deposuitque
267 1861 362 1926 caput,
377 1859 521 1924 stratoque
534 1848 693 1905 recondidit
706 1847 774 1904 alto.

54 1925 128 1984 111e³
143 1927 230 1995 volat,
244 1928 338 1985 nullos
352 1927 484 2003 strepitus
497 1926 667 1983 facientibus
679 1927 739 1995 alia,
844 1929 903 1983 650

55 2004 110 2063 Per
122 2007 287 2074 tenebras,
279 2018 407 2082 intraque
423 2025 509 2062 morae
522 2007 607 2063 breve
621 2016 734 2081 tempus
747 2005 776 2062 in
790 2007 889 2063 urbem

55 2081 190 2141 Pervenit
203 2084 383 2142 AEmoniam.
403 2085 557 2161 positisque
572 2103 588 2142 e
602 2102 720 2160 corpore
732 2085 832 2162 pennis

54 2161 89 2218 In
102 2162 207 2219 faciem
220 2164 323 2239 Ceycis
337 2164 428 2232 abitt
441 2163 587 2254 formaque
601 2166 654 2221 sub
668 2163 717 2221 illa

54 2239 189 2308 Luridus,
203 2260 340 2316 exsangui
333 2242 497 2310 similis,
475 2260 535 2298 sme
549 2243 675 2300 vestibus
689 2243 761 2311 ullis,

55 2318 128 2376 Con
117 2319 195 2396 Jugis
208 2330 276 2377 ante
289 2331 382 2377 torum
395 2321 504 2378 miserae
517 2321 605 2378 stetit.
646 2321 712 2379 Uda
724 2322 836 2378 videtur

54 2341 152 2455 Barba
165 2398 225 2467 viri,
239 2399 415 2474 madidisque
428 2399 520 2474 gravis
530 2399 617 2455 fluere
632 2398 709 2455 unda
722 2400 840 2472 capillis.

55 2474 141 2546 Tum,
155 2476 232 2535 lecto
246 2477 422 2545 incumbens,
437 2478 507 2535 fletu
521 2494 606 2551 super
618 2495 668 2532 ora
680 2475 783 2543 refuso,

54 2553 129 2612 Haec
143 2555 201 2613 ait:
222 2556 365 2632 Agnoscis
376 2557 479 2632 Ceyca,
494 2554 649 2611 miserrima
660 2555 784 2632 conjux?

56 2633 106 2691 An
119 2653 185 2692 mea
198 2644 310 2692 mutata
323 2645 367 2692 est
379 2634 466 2692 facies
478 2632 574 2691 nece?
586 2632 705 2709 respice,
719 2651 836 2700 nosces;

86 2772 152 2827 'Ha
169 2775 263 2831 these,
251 2791 297 2822 ae
312 2774 444 2832 Morpheus
470 2771 923 2838 asyl..)1‘n0uamsmumsa÷o.

64 2838 146 2884 adua
164 2835 204 2878 tlte
211 2835 299 2882 orders.
335 2836 431 2905 Ulla(
465 2840 597 2906 orpheus).
577 2840 730 2903 l⁴Abit
743 2851 849 2901 possea,
863 2841 952 2876 axam

34 2893 221 2941 [afmaimait.
