1912 3082
64 84 104 154 38
366 119 618 168 nrursuonru.

62 259 155 323 Ardet
170 257 273 325 Athos,
289 259 456 332 'laurusque
470 255 553 323 Cilix,
566 266 595 312 et
610 254 738 324 Tmolus,
753 266 783 313 et
798 255 885 324 OEte3

61 336 101 395 Et
114 355 190 394 nunc
205 335 289 403 sicca,
303 335 382 412 prins
396 335 580 393 celeberrima
592 333 728 403 fontibus,
743 334 809 402 Ide;

61 416 268 493 Virgineusque
283 413 416 484 Helicon,
428 424 458 471 et
471 412 598 471 nondum
612 413 746 490 OEagrius
761 413 888 472 Haemos.

61 497 155 553 Ardet
169 495 199 551 in
212 494 381 552 immensum
391 493 400 527 ¹
411 492 563 569 geminatis
575 492 688 568 ignibus
702 492 800 560 AEtne,
860 495 920 551 220

61 574 259 651 Parnasusque
272 573 379 650 biceps,
395 582 425 629 et
440 572 528 648 Eryx,
539 581 570 629 et
585 572 724 648 Cynthus
739 581 770 629 et
782 571 900 653 Othrys,

62 654 101 710 Et
115 654 230 711 tandem
246 652 387 728 Rhodope
400 650 512 709 nivibus
525 649 655 719 caritura,
671 650 843 727 Mimasque,

61 732 271 809 Dindymaque,
286 740 316 789 et
330 729 456 807 Mycale,
472 739 612 806 natusque
621 729 659 786 ad
672 748 752 787 sacra
765 730 917 788 Cithaeron.

60 811 123 870 Nec
137 821 254 888 prosunt
271 809 395 886 Scythiae
408 827 460 866 sua
471 807 592 883 frigora;
614 809 760 867 Caucasus
772 809 861 879 ardet,

60 890 189 966 Ossaque
204 909 269 947 curn
282 888 383 957 Pindo,
398 891 545 964 majorque
556 887 697 946 ambobus
712 887 854 965 Olympus
865 913 873 952 ς

60 970 211 1046 Ae'riaeque
226 968 325 1045 Alpes,
341 978 371 1026 et
384 966 517 1024 nubifer²
531 967 712 1043 Apenninus.

99 1049 174 1107 Turn
188 1047 256 1106 verd
271 1047 421 1105 Phaethon
435 1045 547 1104 cunctis
560 1065 577 1103 e
588 1045 717 1122 partibus
728 1045 827 1104 orbem

57 1127 191 1204 Adspicit
205 1143 366 1196 accensum,
387 1145 441 1184 nec
455 1136 551 1184 tantos
563 1125 684 1182 sustinet
695 1135 780 1182 aestus
789 1129 817 1196 ³3

59 1207 265 1282 Ferventesque
278 1225 370 1273 auras,
384 1206 463 1263 velut
477 1225 493 1264 e
506 1205 621 1262 fornace
634 1203 774 1281 profundd

58 1285 116 1344 Ore
130 1285 224 1354 trahit,
237 1301 391 1361 currusque
406 1303 472 1341 suos
485 1285 656 1344 candescere
671 1282 766 1340 sentit.
858 1284 915 1341 230

58 1365 98 1422 Et
110 1383 204 1440 neque
214 1366 274 1442 jam
288 1363 396 1420 cineres
410 1367 618 1439 ejectatamque
631 1362 755 1420 favillam

57 1443 141 1502 Ferre
154 1452 267 1520 potest;
287 1441 436 1518 calidoque
450 1440 601 1499 involvitur
613 1441 740 1519 undique
753 1440 842 1499 fumo.

57 1524 179 1598 Quoque
193 1531 249 1589 eat,
262 1530 313 1578 aut
327 1520 376 1578 ubi
391 1521 437 1589 sit,
450 1520 534 1597 picei
546 1520 667 1598 caligine
679 1530 774 1578 tectus

56 1600 158 1659 Nescit
168 1625 176 1669 ;
187 1609 218 1658 et
231 1600 346 1658 arbitrio
358 1600 504 1657 volucrum
518 1609 646 1677 raptatur
659 1618 806 1677 equorum.

57 1679 201 1756 Sanguine
214 1690 276 1738 tum
290 1679 410 1738 credunt
422 1678 451 1735 in
465 1692 585 1756 corpora¹
598 1685 732 1738 summa⁴
744 1690 856 1749 vocato,

54 1758 224 1836 AEthiopum
237 1758 359 1837 populos
371 1758 483 1834 nigrum
497 1758 615 1816 traxisse
630 1758 764 1816 colorem.

56 1837 132 1897 Tum
144 1839 222 1897 facta
235 1848 279 1896 est
292 1839 393 1916 Libye,
405 1837 493 1915 raptis
506 1837 672 1897 humoribus
686 1849 766 1905 astu,

57 1916 148 1975 Arida
159 1941 167 1985 ς
185 1928 247 1976 tum
260 1917 401 1995 Nymphae
412 1916 503 1993 passis
516 1917 609 1974 fontes
629 1935 665 1973 ue
679 1914 815 1994 lacusque

54 1995 207 2054 Deflevbre
220 1995 318 2055 cornis.
369 1996 477 2060 Quaerit
490 1995 603 2053 Boeotia
646 1994 733 2063 ircen,

54 2076 151 2151 Argos
166 2077 358 2151 Amymonen,
374 2073 490 2151 Ephyre
505 2073 651 2132 Pirenidas
665 2074 765 2132 undas.
855 2072 913 2132 240

54 2152 118 2215 Neu
133 2153 232 2212 sortita
245 2153 310 2211 loco
324 2153 462 2211 distantes
475 2151 593 2209 flumina
605 2152 701 2230 ripas⁶

54 2231 131 2291 Tuta
143 2241 276 2292 manent:
289 2231 390 2290 mediis
405 2230 510 2289 Tanais
520 2230 640 2290 fumavit
651 2231 681 2289 in
695 2231 787 2302 undis,

84 2387 92 2421 ¹
104 2393 135 2439 In
146 2392 287 2445 immensum,
300 2399 363 2437 toan
372 2390 553 2439 unmeasurabie
562 2391 652 2452 height.
686 2390 697 2419 ⁸
709 2393 817 2456 Nubp‘er.
830 2389 914 2439 cloud·

52 2452 568 2565 serranz
690 2457 723 2563 t
731 2450 917 2569 astrati

51 2580 114 2628 tboir
123 2578 211 2634 bodies,
221 2581 239 2626 i.
252 2595 272 2628 e.
283 2586 309 2624 to
319 2579 359 2625 the
369 2577 432 2624 skiu.
464 2578 475 2607 ⁵
488 2533 645 2642 Necfluniiio
657 2581 739 2627 sortita
749 2581 813 2640 ripas
823 2582 914 2628 distort-

50 2652 84 2691 τα
95 2646 153 2698 loco,
173 2656 219 2689 nor
232 2640 264 2688 d'o
278 2640 351 2687 rivers
366 2641 456 2702 having
470 2640 583 2688 obtained
600 2643 631 2702 by
651 2641 685 2688 lot
698 2642 774 2688 books
788 2641 878 2692 distant
887 2640 914 2689 iu

46 2705 128 2762 ploos,
138 2708 154 2752 i.
164 2720 184 2752 e.
195 2705 273 2752 bank·
283 2711 308 2751 ιι
318 2718 333 2750 a
342 2713 410 2766 great
420 2703 525 2750 distance
536 2703 598 2750 from
609 2705 666 2752 each
678 2706 763 2763 otber3
781 2719 827 2752 nor
837 2705 871 2762 do
881 2704 912 2751 ri·

39 2775 93 2807 ren
101 2766 183 2812 omre
189 2775 301 2829 greatest
311 2766 420 2825 breadtb,
431 2783 464 2825 or,
478 2781 522 2816 nor
533 2766 564 2814 do
575 2768 616 2816 the
624 2766 714 2830 burgast
722 2768 802 2815 rivers.
895 2808 900 2815 .
