1912 3082
60 137 115 193 124
358 142 608 192 METAMORPH.

58 279 120 335 Aut
133 276 234 346 minua,
249 287 299 336 aut
313 278 392 337 certe
403 279 529 337 medium
543 297 600 335 non
611 278 732 354 amplius
745 297 841 353 aequor

57 356 158 432 Puppe
172 359 330 427 secabatur,
345 358 486 434 longeque
500 368 561 416 erat
573 369 691 433 utraque
705 357 789 414 tellus
800 361 807 394 ¹
819 381 828 425 ς

57 435 132 493 cam
146 455 223 493 mare
237 439 291 493 suh
306 448 419 494 noctem
433 438 548 495 tumidis
562 437 705 494 albescere
719 437 807 511 coepit
847 436 908 492 tao

57 512 214 582 Fluctibus,
229 527 259 572 et
272 535 398 591 praeceps
409 516 514 592 spirare
527 516 666 573 valentius
681 515 783 572 Eurus.

59 593 167 661 Ardua,
178 595 354 670 jamdudum,
369 594 510 651 demittite
524 613 639 663 cornua,
651 597 764 652 rector²

59 671 188 738 Clamat;
209 682 237 729 et
251 672 381 729 antennis
395 682 488 729 totum
501 673 683 730 subnectite³
696 672 799 729 velum.

58 750 117 807 Hic
128 752 228 826 jubet:
249 750 406 826 impediunt
420 752 544 808 adversae
555 755 633 828 jussa
646 751 786 827 procella,

58 827 121 885 Nec
136 828 201 884 sinit
215 829 304 885 audiri
317 848 417 886 vocem
430 830 524 905 fragor
537 829 656 906 aequoris
670 830 766 886 ullam.

59 905 167 982 Sponte
181 916 276 964 tamen
290 918 442 984 properant
456 909 503 966 alii
515 908 674 966 subducere
687 927 797 976 remos3

59 986 128 1043 Pars
142 987 251 1043 munire
264 986 337 1043 latus
347 992 379 1054 ⁴3
395 1006 460 1064 pars
473 987 565 1046 ventis
578 987 641 1045 vela
654 1006 767 1063 negare.

59 1063 178 1140 Egerit⁶
191 1065 238 1122 hic
252 1066 364 1135 fluctus,
375 1085 526 1143 aequorque
539 1065 663 1124 refundit
674 1066 703 1122 in
716 1084 827 1141 aequor;

59 1143 118 1200 Hic
131 1143 225 1220 rapit*3
238 1155 385 1203 antennas.
426 1147 498 1209 Quae
512 1146 580 1202 dum
590 1144 650 1202 sine
664 1144 747 1219 lege*
760 1153 905 1219 geruntur,

60 1223 171 1297 Aspera
185 1222 287 1279 crescit
299 1223 407 1299 hyems,
420 1223 553 1298 omnique
567 1242 583 1280 e
596 1233 677 1298 parte
689 1224 798 1280 feroces
846 1222 906 1278 490

58 1299 140 1357 Bella
152 1311 255 1375 gerunt
267 1300 353 1368 venti,
367 1299 495 1376 fretaque
508 1300 683 1376 indignantia
696 1301 826 1358 miscent.

58 1377 124 1453 Ipse
136 1387 230 1452 pavet,
244 1396 299 1434 nec
313 1396 352 1446 se,
365 1377 412 1453 qui
426 1379 462 1434 sit
476 1388 575 1445 status,
590 1378 650 1454 ipse
661 1379 766 1436 fatetur

60 1453 138 1512 Scire
151 1455 219 1512 ratis
231 1465 340 1521 rector;
359 1473 413 1512 nec
424 1455 491 1531 quid
502 1457 646 1532 jubeam,
660 1465 790 1512 vetetve=

59 1531 154 1591 Tanta
166 1533 233 1590 mali
246 1532 355 1591 moles⁸
368 1534 484 1610 totaque
497 1532 640 1610 potentior
654 1542 715 1590 arte
728 1541 782 1589 est.

60 1611 174 1688 Quippe
187 1621 289 1670 sonant
302 1612 426 1670 clamore
438 1611 497 1681 viri,
512 1611 630 1670 stridore
642 1610 785 1678 rudentes,

62 1691 210 1749 Undarum
222 1691 336 1749 incursu
350 1691 441 1768 gravis
454 1691 539 1759 unda,
554 1689 704 1748 tonitribus
717 1689 813 1746 aether.

60 1767 209 1828 Fluctibus
223 1770 347 1846 erigitur,
362 1769 522 1846 coelumque
536 1788 647 1846 aequare
657 1769 768 1825 videtur

62 1848 179 1916 Pontus,
195 1860 224 1905 et
238 1849 368 1907 inductas
382 1850 529 1924 aspergine
542 1859 657 1924 tangere
671 1849 781 1905 nubes:

61 1925 102 1982 Et
115 1927 210 1994 modo,
225 1927 292 1984 cdm
304 1927 395 1984 fulvas
409 1928 517 1984 eximo
530 1929 615 1984 verrit
629 1945 735 1993 arenas,

62 2004 204 2061 Concolor
214 2014 258 2061 oet
272 2005 334 2073 illis,
351 2006 450 2080 Stygia
460 2005 546 2062 modo
560 2005 665 2080 nigrior
677 2004 769 2060 undar
848 2003 908 2058 500

63 2081 203 2139 Sternitur
212 2081 362 2150 interdum,
377 2082 539 2157 spumisque
553 2082 718 2139 sonantibus
732 2082 818 2139 albet.

61 2161 128 2236 Ipsa
141 2159 254 2235 qudque
267 2160 310 2214 his
323 2159 417 2234 agitur
429 2159 538 2217 vicibus
553 2159 703 2216 Trachinia
716 2160 828 2236 puppis·

63 2237 103 2295 Et
115 2237 202 2293 modo
214 2235 351 2304 sublimis,
365 2237 453 2294 veluti
467 2237 503 2293 dc
517 2237 622 2295 vertice
632 2238 745 2306 montis,

63 2313 218 2390 Despicere
230 2315 258 2370 in
272 2315 367 2383 valles,
382 2315 526 2391 imumque
539 2316 705 2373 Acheronta
717 2316 837 2373 videtur.

63 2395 157 2462 Nunc,
171 2393 221 2450 ubi
235 2393 384 2451 demissam
398 2413 514 2451 curvum
528 2394 715 2453 circumstetit
726 2413 829 2471 aequor,

94 2505 103 2536 ¹
119 2509 222 2566 Utraque
232 2510 305 2559 tellus.
322 2507 397 2554 either
407 2509 470 2564 land,
486 2511 502 2556 i.
519 2526 540 2556 e.
560 2509 659 2561 Groecia,
679 2512 769 2561 Greece,
784 2508 831 2554 and
849 2510 910 2557 Asia

81 2569 153 2622 liuor,
167 2572 270 2616 Nutolio.
303 2570 417 2625 'Rectam
431 2573 470 2618 the
481 2572 546 2631 pilot.
578 2571 730 2624 'Subnectita
743 2571 798 2616 surl.
830 2570 910 2619 *Μα-

79 2635 115 2679 ire
124 2635 191 2686 latua,
199 2641 224 2677 to
231 2632 357 2692 sortifythe
365 2633 422 2687 side,
433 2636 449 2681 ἑ.
460 2651 477 2681 e.
490 2643 515 2680 to
523 2634 557 2679 fill
566 2649 599 2693 up
608 2636 647 2679 the
655 2633 739 2680 chinks
746 2648 773 2678 or
781 2633 853 2687 leals,
862 2634 911 2681 and

72 2695 160 2754 hereby
175 2704 272 2754 prevent
287 2696 327 2741 the
343 2705 415 2742 water
430 2694 491 2743 l'rom
507 2696 603 2758 coming
618 2696 670 2742 into
686 2697 725 2741 the
735 2695 794 2755 ship.
826 2696 910 2756 'Ege-

60 2757 89 2807 12,
108 2757 199 2802 mrows
213 2765 264 2804 out.
301 2756 408 2821 ‘Rapta
427 2759 493 2808 takes
502 2757 689 2824 quicklydown.
722 2757 821 2818 'Lege
834 2760 911 2807 order.

50 2813 138 2869 Mb&
152 2818 198 2867 the
206 2821 365 2885 magnitude.

100 3002 264 3036 A.
