1912 3082
328 126 402 176 ΗΒ.
421 128 504 176 xm.
524 128 605 177 ΕΑΒ.
625 130 650 176 1.
854 126 909 181 188

276 393 687 454 METAMORPHOSEON

374 551 492 599 LIBER
507 553 592 600 XIII.

10 664 19 807 ἓ
70 709 882 790 Germanumatjaoemettslynemdearmoackido

426 872 499 911 ΕΑΒ.
514 872 535 911 1.

54 1048 244 1108 Consuesse
257 1046 355 1114 duces,
369 1056 408 1113 et,
422 1045 499 1122 vulgi
513 1056 607 1104 stante
621 1048 734 1116 corond,

55 1126 150 1204 Surgit
163 1125 202 1184 ad
214 1125 267 1183 hoa
279 1125 371 1202 clypei
386 1125 517 1183 dominus
530 1125 722 1202 septempIIcis
734 1128 822 1206 Ajax.

54 1205 151 1283 thue
165 1215 227 1263 erat
239 1204 389 1280 impatiens
402 1204 459 1273 irae,
476 1204 578 1279 Sigeta,
592 1214 680 1274 torvo,

54 1284 153 1344 Litora
164 1282 291 1361 respexit
306 1283 482 1358 classemque
495 1283 524 1339 in
538 1283 629 1352 litore,
643 1284 742 1342 vultu:

53 1363 265 1439 Intendensque
278 1381 388 1430 manus,
405 1362 534 1438 Agimus,
547 1364 600 1439 prd
614 1363 745 1440 Jupiter!
765 1364 864 1441 inquit,

54 1445 132 1503 Ante
146 1452 223 1500 rates
237 1459 368 1508 musam
389 1452 418 1498 et
430 1460 542 1498 mecum
556 1442 700 1501 confertur
718 1443 853 1521 Ulysses!

55 1523 96 1581 At
109 1541 168 1581 non
182 1519 334 1579 Hectoreis
348 1520 488 1578 dubitavit
501 1521 603 1578 cedere
616 1521 746 1592 flammis,

54 1602 133 1667 Quas
147 1620 202 1678 ego
216 1599 345 1668 sustinui,
360 1618 429 1676 quas
443 1600 497 1656 haic
510 1617 528 1656 a
541 1600 631 1657 classe
644 1600 749 1676 fugavi.

55 1679 158 1739 Tutius
171 1690 215 1738 est
229 1678 303 1737 fictis
314 1678 400 1755 igitur
413 1677 587 1735 contendere
600 1678 702 1746 verbis,
887 1683 906 1736 9

54 1760 149 1825 Quam
159 1777 285 1835 pugnare
296 1776 392 1815 manu.
434 1756 492 1814 Sed
501 1774 555 1813 nec
564 1755 632 1812 mihi
645 1756 740 1813 dIcere
752 1769 905 1834 promtum,

54 1837 117 1897 Nec
130 1837 226 1895 facere
239 1847 283 1895 est
295 1836 358 1894 isti:
379 1834 576 1913 quantumque
589 1853 644 1910 ego
658 1834 755 1894 Marte
768 1835 865 1906 feroci,

54 1916 203 1982 Quantum
217 1915 278 1974 acie
291 1915 382 1984 valeo,
395 1913 509 1972 tantdm
522 1913 598 1971 valet
611 1913 665 1971 iste
679 1913 832 1990 loquendo.

55 1995 117 2055 Nec
132 1995 315 2053 memoranda
328 2005 424 2051 tamen
437 1993 518 2050 vobis
532 2011 596 2050 mea
606 1991 692 2062 facta,
707 1993 828 2072 Pelasgi,

11 2140 13 2147 ¹
55 2073 126 2133 Esse
139 2092 221 2141 reon
240 2073 349 2130 vidistis
362 2073 456 2130 enim:
477 2091 528 2129 aua
541 2082 636 2130 narret
650 2071 777 2149 Ulyssem,

55 2154 127 2219 Quae
141 2152 202 2210 sine
216 2163 290 2210 teste
303 2152 385 2228 gerit,
400 2170 519 2228 quorum
534 2170 592 2208 nox
603 2152 718 2210 conscia
731 2153 793 2212 sola
806 2165 858 2213 est.

55 2231 175 2290 Praemia
187 2249 292 2307 magna
302 2230 362 2306 peti
375 2230 483 2298 sate0r3
503 2230 555 2288 sed
567 2231 657 2289 demit
669 2231 807 2292 honorem

54 2310 197 2369 AEmulus.
238 2309 324 2386 Ajaci
337 2328 395 2367 non
409 2319 454 2367 est
468 2310 594 2368 tenuisse
606 2312 768 2386 superbum,

56 2389 99 2449 sit
110 2389 182 2447 licet
193 2389 250 2446 hoc
264 2389 373 2465 ingens,
387 2388 524 2464 quidquid
538 2389 660 2465 speravit
674 2389 802 2465 Ulysaes.

53 2468 113 2528 Iste
124 2468 192 2527 tulit
203 2467 325 2545 pretium
336 2471 397 2544 jam
410 2486 488 2524 nunc
501 2466 663 2525 certaminis
674 2466 776 2543 hujus;

53 2548 119 2614 Quo
133 2547 202 2606 edm
215 2547 308 2605 victus
321 2546 384 2615 erit,
395 2564 509 2604 mecum
521 2546 645 2602 certdsse
658 2544 772 2602 feretur.
867 2550 907 2603 20

93 2629 195 2704 Atque
208 2645 272 2702 ego,
286 2625 310 2683 si
323 2624 411 2682 virtus
424 2625 454 2681 in
468 2643 515 2682 me
529 2622 694 2681 dubitabilis
707 2637 791 2696 esset,

54 2704 215 2765 Nobilitate
227 2715 331 2781 potens
344 2723 444 2774 essem,
458 2703 614 2761 Telamone
626 2713 751 2772 creatus,

55 2783 168 2844 Moenia
182 2783 229 2859 qui
241 2782 308 2841 forti
322 2782 444 2862 Trojana
457 2784 513 2843 sub
529 2782 665 2846 HercuIe
677 2783 774 2862 cepit,
