1912 3082
333 142 405 196 LIB.
426 145 477 193 XI.
498 143 577 195 FAB.
597 146 632 193 X.
847 141 899 197 lat

53 278 133 336 Dum
149 288 245 346 natat;
265 281 422 349 absentem,
436 281 547 357 quoties
560 281 626 338 sinit
638 281 747 338 hiscere
760 281 874 349 fluctus,

53 357 193 415 Nominat
207 358 387 435 Halcyonen,
401 359 524 436 ipsisque
536 360 731 417 immurmurat
744 360 835 417 undis.

56 435 134 494 Ecce
148 455 232 513 super
246 437 354 494 medios
368 438 472 495 fluctus
484 438 564 514 niger
577 457 659 495 arcus
670 456 805 513 aquarum

53 514 220 590 Frangitur3
241 526 271 573 et
282 516 366 591 rupta
375 535 498 573 mersum
510 528 597 592 caput
609 515 704 574 obruit
713 515 798 573 uadi.

54 582 172 650 Lucifer
182 595 328 662 obscurus,
342 613 397 652 nec
410 615 494 671 quem
506 614 678 671 cognoscere
692 613 798 671 posses,
844 598 903 652 570

54 672 109 729 lna
121 682 207 729 nocte
218 672 289 729 fuit:
310 674 497 750 quoniamque
511 675 650 732 excedere
662 674 788 751 Olympo

55 750 122 808 Non
136 750 225 819 licuit,
240 751 335 808 densis
348 753 421 811 texit
435 771 486 810 aua
500 753 624 811 nubibus
638 770 696 809 ora.

94 829 187 887 AEolis
201 831 309 887 interea
323 840 465 888 tantorum
479 831 575 907 ignara
588 831 726 888 malorum

54 906 227 966 Dinumeret
240 920 357 966 noctes:
378 920 407 966 et
418 914 486 986 jam,
500 928 570 986 quas
582 909 682 967 induat
694 910 751 979 ille,

55 985 183 1044 Festinat
196 999 307 1045 vestes:
325 992 385 1064 Jam
399 1007 477 1064 quas,
491 988 541 1046 ubi
555 989 663 1045 venerit
676 988 733 1056 ille,

54 1065 122 1142 Ipsa
135 1076 232 1141 gerat:
253 1067 416 1142 reditusque
431 1067 484 1123 sibi
498 1067 639 1142 promittit
652 1065 758 1122 inanes.

56 1143 198 1202 Omnibus
210 1145 258 1201 illa
267 1144 381 1221 quidem
398 1145 512 1220 Superis
523 1145 570 1221 pia
582 1145 665 1202 thura
678 1143 804 1202 ferebat:

56 1223 136 1280 Ante
148 1235 244 1281 tamen
258 1234 378 1280 cunctos
392 1224 513 1281 Junonis
525 1223 631 1300 templa
643 1222 772 1290 colebat;

55 1301 167 1377 Proque
178 1301 246 1370 viro,
261 1301 308 1377 qui
324 1302 417 1359 nullus
427 1306 434 1341 ¹
445 1313 514 1371 erat,
528 1303 660 1360 veniebat
669 1302 706 1359 ad
720 1321 794 1369 aras;

10 1374 12 1381 ¹
55 1379 154 1455 thue
164 1380 238 1437 foret
251 1399 349 1456 sospes
361 1385 467 1458 conjux
480 1401 556 1450 suus,
571 1391 658 1459 utque
671 1381 783 1451 rediret,
843 1383 903 1438 580

55 1458 194 1534 Optabat,
208 1459 371 1534 nullamque
385 1459 438 1517 sibi
450 1461 600 1536 praeferret.
640 1459 736 1517 Atilii

55 1536 124 1594 Hoc
135 1537 172 1594 de
187 1548 230 1595 tot
242 1538 315 1594 votis
327 1548 438 1614 poterat
451 1539 614 1614 contingere
631 1538 732 1595 solum.

96 1617 139 1672 At
152 1616 237 1674 Dea²
249 1635 307 1672 non
319 1616 394 1674 ultra
405 1636 456 1692 pro
467 1617 566 1674 functo
580 1625 671 1672 morte
684 1614 776 1689 rogari

56 1691 203 1753 Sustinet:
224 1706 319 1771 utque!
328 1714 428 1752 manus
438 1695 565 1751 funestas
578 1703 674 1750 arceat
687 1693 758 1760 aris;

55 1771 103 1840 Iri,
118 1792 198 1843 meae,
212 1773 293 1842 dixit,
307 1773 443 1830 fidissima
454 1772 554 1829 nuntia
566 1771 652 1838 vocis,

54 1849 125 1908 Vise
139 1852 321 1927 soporiferam
335 1851 434 1910 Somni
444 1851 579 1908 velociter
591 1849 703 1916 aulam;

56 1927 256 2006 Exstinctique
267 1933 337 2008 jube
350 1930 453 2007 Ceycis
462 1928 585 2005 imagine
598 1928 694 1985 mittat

56 2006 175 2066 Somnia
188 2010 224 2067 ad
236 2010 415 2086 Halcyonen‚
429 2027 510 2066 veros
522 2007 662 2064 narrantia
675 2025 766 2064 casus.

55 2085 188 2145 Dixerat.
228 2088 359 2145 Induitur
371 2087 510 2146 velamina
523 2086 600 2144 mille
614 2086 740 2143 colorum

55 2163 118 2232 Iris,
133 2175 163 2222 et
176 2177 294 2242 arquato
308 2167 413 2224 coelum
425 2165 586 2223 curvamine
600 2165 714 2241 signans
844 2167 904 2223 590

57 2241 235 2320 Tecta-petit
245 2245 315 2321 jussi
329 2247 382 2302 sub
395 2262 466 2321 rupe
480 2244 596 2302 latentia
609 2244 692 2320 regis.

97 2321 150 2380 Est
162 2341 251 2399 prope
266 2323 432 2380 Cimmerios
445 2324 530 2398 longo
545 2323 681 2399 spelunca
693 2341 815 2390 recessu,

56 2399 145 2459 Mons
159 2420 254 2470 cavus,
266 2401 358 2478 ignavi
373 2402 475 2459 domus
489 2413 518 2459 et
531 2401 686 2479 penetralia
701 2401 816 2467 Somni;

55 2478 122 2543 Quo
136 2499 282 2557 nunquam
294 2480 379 2538 radiis
391 2481 491 2548 oriens,
506 2480 660 2547 mediusve,
675 2479 814 2536 cadensve

55 2556 183 2617 Phoebus
195 2559 273 2617 adire
283 2569 388 2635 potest.
428 2557 549 2616 Nebulae
563 2556 682 2631 caligine
695 2556 791 2613 mixtae

55 2634 235 2694 Exhalantur
245 2638 342 2705 humo,
355 2637 504 2712 dnbiaeque
518 2635 685 2711 crepuscula
697 2635 777 2692 lucis.

54 2712 122 2770 Non
136 2715 204 2792 vigil
217 2716 277 2774 ales
288 2715 329 2773 ibi
343 2715 449 2773 cristati
465 2713 597 2773 cantibus
611 2712 669 2772 oris

109 2828 119 2855 ¹
124 2830 218 2884 bellua
231 2845 311 2888 nons;
333 2846 366 2879 no
377 2847 453 2894 more,
466 2851 501 2896 or,
514 2832 588 2886 dead.
626 2833 638 2865 ¹
651 2833 749 2890 Demi.
765 2845 789 2878 e·
805 2829 884 2877 suno·
