1912 3082
62 121 119 176 120
301 179 311 193 ⁴
361 122 611 172 nursmonen.
659 102 663 107 ’

59 259 207 318 Demisere
220 269 300 317 metu
312 259 479 336 vultumque
491 257 673 336 animumque
687 257 809 336 Pelasgi.

58 339 125 416 Ipsa
137 342 145 375 ¹
167 357 278 416 quoque
292 339 432 408 extimuit,
447 359 510 415 quae
521 349 615 396 tutum
628 339 735 397 fecerat
746 338 843 396 illum=

58 418 157 494 thue
169 419 229 495 peti
240 422 374 496 juvenem
385 429 430 476 tot
442 419 513 475 vidit
526 418 563 475 ab
574 417 704 475 hostibus
718 437 816 487 unum,

58 496 181 564 Palluit3
201 507 231 555 et
244 497 340 555 subitd
353 497 414 555 sine
427 496 564 573 sanguine
577 495 678 572 frigida
691 495 774 554 sedit.

57 575 140 634 Neve
153 595 253 652 parurn
265 576 377 633 valeant
389 594 407 633 a
417 594 447 632 se
461 576 529 633 data
539 575 674 651 grmnine,
687 594 802 633 carmen

58 655 206 712 Auxiliare
220 655 303 722 canit,
317 664 496 729 secretasque
508 655 630 711 advocat
642 664 726 711 artes.

97 733 158 800 Ille,
170 751 284 809 gravem
295 732 403 789 medios
417 731 524 790 silicem
536 732 678 809 jaculatus
691 733 720 789 in
733 731 840 802 hostes,

57 812 86 869 A
101 830 132 868 se
145 811 294 887 depulsum
308 811 433 868 Martem
445 812 585 869 convertit
598 811 627 867 in
641 811 726 888 ipsos.
849 813 884 870 lo

57 887 217 965 Terrigenae
230 900 350 964 pereunt
362 908 414 966 per
425 900 525 947 mutua
537 890 654 947 vulnera
667 890 777 960 fratres,

57 968 195 1044 Civilique
209 968 315 1026 cadunt
328 968 398 1026 acie.
439 968 596 1027 Gratantur
610 969 723 1039 Achivi,

56 1046 257 1124 Victoremque
266 1057 373 1115 tenent,
387 1046 531 1124 avidisque
543 1047 721 1123 amplexibus
733 1048 850 1108 haerent.

56 1125 102 1183 Tu
114 1126 228 1203 qudque
240 1126 376 1184 victorem
389 1126 550 1202 complecti,
565 1128 712 1195 barbara2,
725 1127 813 1186 velles
824 1149 833 1194 ς

56 1204 177 1263 Obstitit
190 1205 304 1280 incepto
318 1205 425 1280 pudor:
443 1215 473 1263 et
487 1205 636 1281 complexa
648 1205 767 1275 fuisses;

57 1282 115 1342 Sed
128 1295 165 1351 te,
178 1303 215 1341 ne
227 1283 344 1351 faceres,
358 1283 451 1340 tenuit
464 1284 620 1342 reverentia
631 1283 723 1342 famae.

55 1361 141 1424 Quod
154 1362 231 1429 licet,
245 1361 350 1418 affectu
363 1361 451 1418 tacito
465 1361 584 1431 laetaris3
603 1363 720 1439 agisque

55 1439 235 1497 Carminibus
247 1448 350 1516 grates,
365 1449 395 1496 et
406 1441 462 1497 Dis
475 1441 639 1500 auctoribus
651 1442 764 1500 horum.

94 1517 262 1595 Pervigilem
276 1528 404 1594 superest
417 1517 512 1576 herbis
526 1520 619 1596 sopire
632 1520 804 1590 draconem

54 1596 111 1660 Qui
126 1597 211 1654 cristi
223 1596 383 1674 linguisque
397 1596 487 1654 tribus
499 1598 652 1675 praesignis,
666 1611 697 1658 et
710 1600 792 1658 uncis
845 1599 884 1658 la

52 1674 198 1734 Dentibus
208 1676 373 1744 horrendus,
387 1686 484 1734 custos
494 1688 555 1734 erat
567 1677 661 1736 arietis
674 1679 762 1737 aurei.

52 1753 142 1813 Hunc
155 1767 306 1832 postquam
319 1755 420 1831 sparsit
434 1755 542 1813 Lethaei
555 1757 682 1834 gramine
696 1757 784 1827 succi,

52 1832 205 1910 Verbaque
217 1845 262 1892 ter
275 1834 346 1891 dixit
360 1833 487 1910 placidos
500 1833 634 1892 facientia
646 1854 769 1904 somnos,

52 1912 125 1975 Quae
138 1933 215 1972 mare
228 1915 383 1981 turbatum,
397 1932 460 1989 quae
474 1913 716 1972 concitaflumina
729 1915 846 1984 sistant;

52 1989 176 2048 Somnus
189 1992 218 2048 in
231 1991 344 2068 ignotos
356 1991 454 2048 oculos
467 1992 598 2049 advenit:
618 2003 648 2050 et
662 2011 730 2050 auro

51 2068 147 2126 Heras
161 2070 295 2126 AEsonius
306 2069 430 2144 potitur:
451 2070 597 2146 spolioque
610 2074 757 2147 superbus,

50 2145 180 2204 Muneris
193 2157 338 2204 auctorem
353 2164 459 2214 secum,
474 2148 564 2222 spolia
577 2149 674 2218 altera,
689 2161 815 2226 portans,

50 2223 150 2282 Victor
163 2225 301 2283 Iolciacos
315 2223 410 2300 tetigit
424 2244 489 2282 cum
502 2231 624 2304 conjuge
639 2239 747 2305 portus.
842 2231 884 2288 itt

144 2379 217 2442 ¹1pso
230 2381 349 2444 (Medea).
381 2379 510 2429 'Barbara
524 2384 619 2448 (Virgo.
631 2389 647 2432 ι’.
658 2403 677 2433 e.
690 2385 798 2449 Medea).
