1912 3082
26 121 34 139 ¹
51 108 71 162 2
359 113 611 160 ΜΕΤΑΜΟΗΡΗ.

53 246 118 306 Νεσ
130 266 204 306 nova
218 247 371 305 crescendo
385 250 535 325 reparabat
548 266 655 305 cornua
668 245 797 315 Phoebe;

56 327 119 384 Nec
133 325 303 384 circumfuso
317 328 461 404 pendebat
472 327 500 384 in
515 331 593 386 a‘e'rel
611 326 710 384 Tellus

54 406 231 463 Ponderibus
244 406 346 464 librata
360 407 434 464 suis:
448 426 503 463 nec
517 406 632 464 brachia
645 405 733 482 longo

55 484 189 560 Margine
201 494 335 541 terrarum
348 495 511 560 porrexerat
527 485 727 561 Amphitrite-s

55 565 175 638 Quaque
188 563 243 619 fuit
257 563 349 631 tellus,
365 563 422 620 illic
436 575 465 621 et
478 574 582 638 pontus
595 575 624 620 et
635 567 701 630 aen

57 640 105 699 Sic
119 652 179 698 erat
191 641 344 698 instabilis²
356 641 449 710 telluS,
462 642 593 699 innabilis
608 643 692 709 unda,

56 719 146 794 Lucis¹
165 738 253 794 egens
264 723 334 787 adn
352 720 421 776 nulli
435 739 487 777 sua
499 721 589 777 forma
602 722 746 778 manebat.

57 797 258 874 Obstabatque
271 798 332 855 aliis
346 799 440 864 aliud;
460 798 526 874 quia
540 817 656 874 corpore
670 799 699 854 in
714 817 771 854 uno
817 807 819 814 “

58 876 172 952 Frigida
184 878 351 952 pugnabant
364 877 471 944 calidis,
484 877 632 946 humentia
647 877 737 945 siccis,

59 955 163 1012 Mollia
175 975 241 1012 curn
256 955 341 1024 duris,
360 955 420 1012 sine
432 955 556 1032 pondere
566 956 700 1013 habentia
713 956 826 1032 pondus
832 960 857 1032 i,

98 1035 184 1090 Hanc
195 1034 276 1090 Deus
289 1045 318 1091 et
330 1034 430 1091 melior
443 1034 521 1091 litem
537 1035 646 1090 Natura
662 1033 791 1090 diremit:

59 1111 135 1168 Nam
149 1112 222 1169 coelo
237 1123 332 1180 terras,
345 1123 375 1170 et
389 1113 469 1170 terris
483 1114 602 1171 abscidit
619 1113 717 1178 undas,

62 1189 101 1247 Et
115 1191 252 1267 liquidum
267 1191 380 1266 spisso⁴
394 1193 512 1248 secrevit
526 1193 562 1249 ab
577 1194 641 1248 ae're
655 1191 767 1247 coelum.

59 1271 133 1332 Quae
146 1281 296 1345 postquam
310 1270 423 1336 evolvit,
438 1288 571 1345 caecoque
585 1269 691 1326 exemit
705 1289 814 1337 acervo,

60 1348 223 1405 Dissociata
235 1348 305 1404 locis
319 1348 452 1404 concordi
465 1366 536 1424 pace
548 1348 653 1423 ligavit.

58 1426 148 1502 Ignea
165 1425 305 1483 convexi⁶
319 1426 360 1482 vis
374 1436 403 1483 et
417 1425 477 1483 sine
492 1427 616 1502 pondere
628 1426 693 1483 coeli

60 1502 185 1561 Emicuit
194 1509 214 1572 ⁶,
230 1505 395 1580 summaque
409 1504 504 1562 locum
518 1504 571 1562 sibi
585 1504 654 1581 legit
672 1505 699 1560 in
714 1524 779 1563 arce
788 1508 808 1562 ⁷.

61 1583 215 1640 Proximus
229 1594 273 1640 est
284 1587 332 1640 ae'r
345 1583 404 1640 ἰ11ὶ8
418 1584 541 1652 levitate,
555 1583 692 1660 locoque:

61 1662 186 1719 Densior·
193 1663 237 1720 his
249 1667 261 1704 ⁹
274 1662 367 1729 tellus,
382 1664 578 1739 elementaque
592 1662 710 1738 grandia
724 1663 819 1730 traxit,

60 1740 99 1797 Et
112 1761 208 1816 pressa
222 1753 265 1800 est
279 1741 416 1818 gravitate
430 1743 483 1798 sul.
525 1742 713 1800 Circumfluus
727 1743 829 1797 humor

61 1818 195 1878 Ultima²⁰
208 1821 342 1898 possedit,
358 1821 534 1897 solidumque
548 1821 673 1878 coe'rcuit
687 1822 784 1878 orbem
796 1825 824 1876 ¹¹.

279 2045 413 2104 Hominis
425 2047 532 2104 asora.
573 2063 645 2103 rna.
660 2065 695 2104 11.
727 2048 729 2052 ’

62 2183 109 2243 sic
123 2185 172 2278 ubi
185 2185 358 2264 dispositam,
372 2187 495 2264 quisquis
509 2186 562 2245 fuit
575 2187 622 2246 illc
636 2188 773 2258 Deorum,

91 2341 184 2399 'Adra
213 2343 266 2399 airt
288 2345 443 2402 atmosplrare.
478 2344 629 2400 'laetabilia
646 2346 742 2394 unfirru.
772 2346 859 2395 'Habe

59 2409 318 2471 pandulpugnabant
336 2422 391 2454 cum
409 2406 501 2469 iisquae
512 2405 590 2467 eraut)
607 2413 656 2455 siae
668 2412 778 2470 pondere.
809 2409 859 2470 ‘Sp

60 2469 101 2515 tlte
112 2469 177 2516 thick
187 2487 195 2526 ς
204 2469 265 2516 thel
293 2484 333 2530 gy.
367 2469 377 2498 ⁸
389 2473 490 2524 Conoeoer‘,
497 2471 526 2516 of
533 2471 673 2526 thearched,
684 2489 718 2524 or,
729 2471 802 2518 ofthe
810 2487 857 2519 vau

60 2529 255 2585 'Emicuit,datt
297 2548 337 2592 up.
369 2530 453 2586 'Arca
465 2533 553 2594 region.
586 2533 653 2588 'ma
675 2543 700 2580 to
709 2535 734 2587 it,
754 2536 770 2580 i.
786 2551 805 2581 e.
826 2544 852 2581 to

68 2595 140 2649 -Ἠίε,
156 2595 215 2640 than
239 2597 310 2650 these,
328 2598 344 2642 ἰ.
360 2611 379 2642 c.
400 2594 458 2641 than
483 2595 525 2643 lira
547 2595 594 2642 and
610 2596 651 2643 air.
685 2596 703 2626 ¹⁰
723 2597 809 2644 Ultima
829 2599 859 2661 (lt

61 2656 195 2766 bigartu
205 2661 330 2716 aenaea
364 2657 379 2686 ¹¹
400 2661 502 2707 crocata
509 2661 615 2705 ualidam
626 2661 706 2714 orbem,
715 2660 791 2721 bagirt
801 2662 843 2707 the
855 2680 859 2706 r

51 2733 78 2776 l
