1912 3082
248 107 324 182 AD
350 105 655 185 LECTOREM.

358 334 566 361 π

20 467 108 556 Qua
123 485 240 545 ratione
254 483 283 542 in
296 485 352 544 hoc
363 485 460 544 libello
475 486 587 544 edendo
602 487 704 546 versati
717 488 805 546 simus
815 508 878 566 pou·

21 567 58 627 tis
68 566 260 626 indicandum
275 564 393 623 videtur.

58 646 187 706 Primum
202 645 289 722 igitur
302 645 448 712 editiones,
464 664 526 721 quae
539 644 567 702 in
582 645 677 723 aliquo
685 646 794 704 honore
808 656 883 713 sunt,

18 727 105 785 -temel
126 736 216 802 atque
236 724 337 782 iterum
363 723 553 800 perlegimus;
573 724 696 802 indeque
715 725 884 782 fundamen-

26 814 79 863 tum
94 805 218 872 Nostrae,
233 813 400 862 contextum
416 802 588 879 Cnippingii,
603 822 649 860 an.
673 806 759 873 1670,
773 804 836 862 aliis
854 803 882 860 in

23 884 157 941 auxilium
190 881 308 950 vocatis,
338 881 497 940 statuimus.
539 883 588 940 Ab
617 882 740 940 lectione
768 882 884 958 vulgata

10 958 97 1023 ..trud
116 961 240 1019 libenter
263 960 451 1018 discessimus.
501 959 598 1019 Verba
618 961 747 1038 quaedam
773 961 883 1037 singula

10 1038 89 1101 stine
100 1040 164 1097 inde
176 1039 219 1097 vel
234 1039 365 1098 codicum
378 1039 424 1097 vel
450 1038 613 1099 criticorum
637 1039 807 1099 auctoritate
821 1059 883 1097 mu·
937 1042 941 1047 '

21 1118 159 1187 ,lavimus3
172 1130 202 1177 et
215 1117 435 1195 interpunctioni
455 1119 627 1196 notulisque,
647 1119 797 1196 perpaucis
821 1119 882 1196 qui-

27 1196 86 1257 tlem
99 1199 163 1267 illis,
177 1199 207 1255 in
220 1198 340 1274 gratiam
355 1207 487 1274 tyronum
508 1197 687 1257 solummodo
708 1198 881 1257 concinnan-

19 1274 75 1347 dis
87 1277 237 1354 exquibus
250 1276 307 1335 loci
331 1276 426 1354 aliqua
446 1276 616 1336 difficultate
625 1277 750 1354 insignes
773 1277 881 1353 aliquid

26 1354 95 1413 lucis
112 1356 187 1414 nacti
211 1355 275 1425 sint,
301 1374 416 1432 operam
438 1356 637 1433 impendimus.
677 1357 881 1434 Interpretisne

18 1433 90 1492 boui
109 1453 203 1511 partes
227 1434 442 1493 sustinuerimus
463 1455 564 1506 necne,
587 1446 670 1494 tuum
697 1447 750 1505 est,
776 1436 882 1494 Lector

18 1513 133 1582 Amice,
146 1514 218 1572 ferre
229 1513 378 1591 judicium.
419 1515 561 1593 Denique,
575 1515 651 1573 vitiis
669 1515 729 1573 fere
749 1514 881 1574 omnibus
895 1570 897 1574 .

15 1593 230 1669 typographicis
244 1592 410 1662 emendatis,
425 1613 487 1669 quae
501 1594 676 1653 discentibus
690 1594 815 1652 multum
828 1595 880 1653 ob·

22 1680 108 1740 stant,
120 1671 231 1730 facilem
251 1671 359 1729 aditum
381 1672 419 1731 ad
444 1673 611 1751 capiendam
633 1685 759 1733 mentem
784 1674 880 1733 Po'c‘tae

21 1759 282 1826 peteresperamus.

60 1827 165 1886 Versus
179 1829 277 1886 iisdem
292 1829 416 1888 numeris
429 1830 532 1907 quibus
546 1833 623 1909 apud
637 1831 778 1910 pleniores
797 1831 880 1890 cditi-

20 1925 90 1965 ones
113 1908 253 1965 notandos
276 1908 444 1978 curavimus,
468 1911 535 1968 crlm
551 1923 666 1987 propter
687 1912 757 1969 alias
777 1929 879 1969 causas

19 1986 218 2077 tummaxime
232 2005 289 2063 quo
302 1986 346 2044 lris
359 1998 486 2046 nostram
500 1990 628 2048 conferre
648 1990 750 2048 saclids
765 2001 878 2067 tyrones

58 2075 138 2122 ssrnt.

17 2082 105 2219 ,Ροῦε
120 2142 292 2202 Nominibus
307 2143 430 2221 Propriis
442 2145 497 2204 ulio
511 2146 575 2205 loco
590 2166 716 2224 agemus.

56 2664 269 2725 Recensionem
284 2666 492 2742 Decerptorum
506 2682 542 2720 cx
563 2660 658 2721 Publii
679 2657 773 2718 Ovidii
789 2655 881 2715 Naso·

14 2745 62 2805 nis
86 2745 355 2819 Metamomlroseon
377 2744 466 2817 libris,
481 2763 568 2823 quam
593 2753 664 2806 aule
690 2738 822 2824 quinque
843 2753 898 2795 an·

10 2839 62 2875 nos
71 2822 103 2872 in
118 2837 199 2873 usum
212 2821 326 2880 Schola
340 2822 541 2904 Glasguensis
554 2829 639 2914 typis
654 2842 839 2911 expressam
848 2813 919 2880 sul·
