1912 3082
314 111 388 160 Lus.
408 112 490 161 xm.
510 113 591 161 ΕΑΒ.
611 112 636 161 1.
852 110 908 167 135

55 249 148 312 Quem
162 245 238 304 male
250 247 372 305 convicti
383 247 503 305 nimidm
516 267 626 306 memor
637 248 691 306 iste
701 248 804 308 furoris

56 327 180 384 Prodere
193 345 253 383 rem
268 327 399 384 Danaam
413 328 505 397 finxit,
517 327 673 404 fictumque
686 328 816 405 probavit

55 405 179 474 Crimen,
190 415 220 462 et
233 406 367 475 ostendit,
383 407 459 482 quod
468 411 527 483 J'am
538 407 715 482 praefoderat,
729 426 838 466 aurum.
867 411 907 465 60

92 485 172 560 Ergo
184 494 236 542 aut
248 485 348 541 exsilio
360 486 433 543 vires
447 486 585 544 subduxit
599 485 726 554 Achivis,

54 566 116 622 Aut
129 582 212 620 nece.
254 564 302 621 Sic
315 575 433 640 pugnat,
448 565 489 622 sic
503 576 548 622 est
561 565 732 622 metuendus
751 565 878 643 Ulyssss.

56 642 119 711 Qui,
135 643 204 700 licet
214 642 328 718 eloquio
342 644 431 701 fidum
445 644 558 720 quoque
573 645 697 703 Nestora
710 644 813 713 vincat,

56 721 144 779 Haud
157 733 255 779 tamen
267 722 378 792 efficiet,
393 723 536 781 desertum
550 735 582 780 ut
596 724 719 782 Nestora
733 724 840 782 crimen

55 799 126 858 Esse
137 819 201 858 rear
214 800 332 858 nullum.
373 803 439 871 Qui,
453 804 521 860 crim
535 803 697 879 imploraret
710 803 844 880 Ulyssen,

55 879 179 938 Vulnere
194 880 291 937 tardus
303 880 376 956 equi,
391 881 537 957 fessusque
552 883 688 941 senilibus
699 883 789 951 annis,

56 958 189 1016 Proditus
199 978 216 1016 a
228 959 305 1016 socio
319 970 372 1016 est.
414 961 480 1017 Non
494 961 556 1018 haec
569 961 638 1016 milri
650 960 768 1018 crimina
780 961 850 1037 fingi

57 1038 115 1095 Scit
129 1040 205 1095 bene
220 1038 354 1114 Tydidae,
368 1039 416 1115 qui
431 1039 545 1096 nomine
559 1057 634 1114 saepe
645 1049 779 1096 vocatum

55 1116 206 1193 Corripuit,
221 1117 387 1193 trepidoque
399 1117 496 1193 fugam
511 1117 691 1192 exprobravit
701 1117 802 1175 amico.

56 1195 227 1272 Adspiciunt
241 1196 331 1253 oculis
347 1197 446 1272 Superi
458 1195 588 1253 mortalia
599 1196 691 1273 justis.
865 1199 904 1254 to

56 1273 99 1330 En
112 1275 118 1334 !
143 1286 210 1350 eget
221 1275 336 1343 auxilio,
349 1275 397 1351 qui
409 1295 467 1332 non
478 1275 559 1342 tulit;
580 1286 667 1351 utque
681 1275 802 1352 reliquit,

57 1353 102 1410 sic
116 1354 286 1429 linquendus
300 1364 369 1428 erat.
410 1355 518 1430 Legem
533 1355 586 1412 sibi
598 1355 708 1413 dixerat
721 1355 791 1431 ipse.

56 1432 224 1490 Conclamat
236 1434 344 1491 socios:
362 1433 471 1501 adsum,
485 1434 624 1510 videoque
635 1445 813 1502 trementem,

56 1510 270 1586 Pallentemque
282 1523 369 1580 metu,
382 1531 417 1569 ac
431 1513 619 1586 trepidantem
635 1523 727 1571 morte
740 1512 845 1570 futura

57 1589 185 1666 Opposui
197 1591 302 1648 molem
315 1591 417 1666 clypei,
433 1591 548 1665 texique
560 1595 721 1666 jacentem3

37 1732 41 1739 ,
56 1668 227 1743 servavique
238 1668 360 1726 animam
373 1669 531 1746 (minimum
540 1680 584 1725 est
594 1668 650 1725 hoc
660 1669 763 1743 laudis)
775 1667 905 1726 inertem.

57 1747 85 1804 Si
98 1757 208 1824 perstas
220 1759 337 1816 certare,
352 1748 448 1805 locum
462 1747 609 1804 redeamus
623 1747 652 1803 in
667 1747 766 1813 illum;

56 1825 158 1885 Redde
169 1826 291 1895 hostem,
299 1827 456 1902 vulnusque
470 1836 561 1894 tuum,
577 1825 747 1901 solitumque
757 1824 905 1893 timorem

55 1905 125 1962 Post
139 1905 328 1982 clypeumque
343 1906 418 1972 late;
439 1915 468 1962 et
482 1923 595 1961 mecum
609 1903 751 1961 contende
766 1905 819 1961 sub
832 1903 891 1961 illo.

93 1985 137 2040 At
149 1994 299 2060 postquam
313 1984 410 2060 eripui,
423 1984 469 2040 cui
483 1983 576 2040 standi
590 1982 708 2040 vulnera
721 1981 794 2040 vires
863 1985 904 2040 80

55 2061 121 2119 Non
134 2063 280 2131 dederant,
295 2063 373 2120 nullo
388 2064 515 2120 tardatus
529 2063 644 2120 vulnere
658 2061 740 2138 fugit.

56 2140 167 2198 Hector
180 2142 271 2210 adest,
286 2161 439 2217 secumque
455 2142 534 2198 Deos
548 2142 576 2199 in
590 2141 686 2218 praelia
698 2140 794 2199 ducit·

55 2221 175 2296 Quaque
186 2220 251 2289 ruit,
267 2239 323 2276 non
338 2231 370 2277 tu
384 2221 496 2278 tantiam
507 2223 625 2290 terreris,
641 2221 754 2298 Ulysse,

56 2297 112 2356 Sed
125 2298 214 2356 fortes
227 2299 333 2366 etiam;
353 2308 464 2357 tantum
478 2299 563 2356 trahit
577 2300 624 2356 ille
635 2300 751 2356 timoris.

54 2377 143 2435 Hunc
157 2396 212 2453 ego
227 2378 388 2454 sanguineae
402 2397 534 2436 successu
549 2379 633 2434 caedis
647 2388 779 2435 ovantem

53 2455 193 2514 Cominus
205 2456 313 2532 ingenti
324 2457 488 2532 resupinum
502 2456 628 2532 pondere
639 2455 710 2512 fudi.

54 2534 143 2592 Hunc
157 2554 211 2611 ego
226 2546 400 2612 poscentem,
412 2555 479 2593 curn
494 2554 550 2611 quo
562 2545 751 2603 concurreret,
767 2555 840 2592 unus

10 2605 29 2652 ⁸
55 2613 200 2681 Sustinui3
218 2625 379 2690 sortemque
393 2633 486 2672 meam
499 2613 622 2681 vovistis,
639 2613 761 2670 Achivi:

54 2691 93 2751 Et
106 2703 208 2750 vestrae
221 2693 335 2751 valuere
344 2712 455 2769 preces.
497 2692 528 2752 Si
541 2691 768 2771 quaeritisnuqus

10 2766 18 2792 ¹
49 2771 201 2826 Fortunam
211 2791 337 2846 pugnae,·
355 2792 416 2832 non
429 2793 496 2834 sum
509 2786 673 2856 superatus
685 2775 726 2834 als
736 2772 806 2830 nlo.
896 2765 946 2816 ‘³³⁴⁵

36 2845 138 2906 Ecce!
149 2847 245 2907 mant
262 2850 353 2912 Troe's
367 2854 560 2936 fenumque,
571 2858 762 2940 ignemque,
777 2851 951 2916 totamm*

471 2942 542 3001 m2
