1912 3082
338 127 413 176 ΜΒ.
432 128 472 176 11.
492 127 573 176 Fan.
593 129 618 176 1.
866 131 906 186 85

41 294 172 372 Effugito
187 293 362 363 Australem,
378 298 563 374 junctamque
578 295 768 374 Aquilomhus
782 298 905 359 Arcton.

42 376 107 432 Hac
122 377 161 432 sit
175 374 246 442 iter;
267 374 416 433 manifesta
428 386 498 433 rotae
510 375 630 453 vestigia
643 393 751 434 cemes.

42 455 140 530 thue
154 453 249 510 ferant
262 472 359 529 aequos
372 465 402 512 et
415 454 519 512 ooelum
534 463 563 512 et
577 466 652 512 terra
665 454 782 523 calores,

43 533 104 591 Nec
117 551 229 609 preme,
243 550 298 590 nec
312 551 452 589 summum
465 533 564 590 molire
577 553 629 609 per
641 534 747 592 aethera
760 554 882 594 currum.

43 613 141 668 Altius
155 630 296 686 egressus,
310 610 437 668 coelestia
450 621 527 668 tecta
541 612 696 680 cremabis;

42 690 173 757 InferiirS,
189 701 288 747 terras.
328 689 428 746 Medio
443 689 599 746 tutissimus
613 690 676 746 ibis.

43 769 106 826 Neu
120 779 152 826 te
167 767 312 825 dexterior
325 778 430 825 tortum
444 767 569 825 declinet
583 768 612 823 in
628 771 770 845 Anguem,

41 849 121 906 Neve
136 846 293 904 sinisterior
305 865 430 923 pressam
443 856 506 903 rota
519 846 606 903 ducat
620 846 657 903 ad
671 851 777 915 Aram;

42 927 118 984 Inter
131 936 287 1001 utrumque
300 935 375 982 tene.
415 925 547 983 Fortunae
561 935 663 982 caetera
676 926 789 995 mando,
844 930 900 986 140

41 1007 110 1070 Quae
122 1008 218 1081 juvet,
232 1014 262 1061 et
275 1003 385 1071 melius,
400 1002 484 1079 quam
497 1014 530 1060 tu
544 1004 605 1070 tibi,
621 1004 759 1072 consulat,
774 1017 852 1081 opto.

40 1084 117 1142 Dum
132 1083 244 1160 loquor,
259 1081 399 1158 Hesperio
412 1082 518 1158 positas
532 1082 560 1138 in
575 1082 657 1139 litore
671 1093 762 1140 metas

41 1162 170 1219 Humida
183 1181 243 1218 nox
257 1160 361 1237 tetigit.
400 1160 466 1217 Non
480 1170 525 1218 est
537 1179 617 1217 mora
630 1161 719 1218 libera
733 1160 828 1218 nobis:

41 1241 199 1299 Poscimur.
240 1238 368 1315 Effulget
380 1239 505 1296 tenebris
520 1239 632 1295 Aurora
643 1238 759 1315 fugatis.

42 1320 158 1396 Corripe
173 1318 234 1375 lora
247 1336 350 1374 manu:
370 1317 424 1386 vel,
439 1317 462 1374 si
476 1317 613 1374 mutabile
627 1322 744 1393 pectus¹

44 1398 94 1456 Est
107 1398 173 1466 tibi,
188 1396 321 1465 consiliis,
335 1415 393 1453 non
407 1396 544 1464 curribus,
558 1407 639 1453 utere
652 1396 763 1466 nostris,

40 1477 116 1534 Dum
130 1485 226 1553 potes,
240 1485 270 1532 et
283 1475 379 1532 solidis
393 1474 548 1533 etiamnum
562 1475 676 1532 sedibus
690 1475 802 1542 adstas;
820 1487 825 1496 ·

39 1556 175 1631 Dumque
188 1554 263 1611 male
278 1563 392 1631 optatos
405 1553 532 1609 nondum
545 1553 649 1629 premis
662 1554 767 1612 inscius
781 1575 857 1612 axes.

40 1637 109 1699 Quae
123 1644 206 1692 tutus
219 1643 340 1709 spectes,
355 1632 415 1690 sine
428 1650 475 1688 me
489 1632 556 1688 dare
570 1632 676 1689 lumina
689 1633 779 1690 terris.

76 1714 213 1788 Occupat
226 1711 273 1769 ille
287 1711 379 1769 levem
390 1711 507 1788 juvenili
521 1729 639 1787 corpore
653 1729 775 1780 currum,
842 1715 898 1768 150

42 1791 160 1867 Statque
175 1809 275 1866 super;
294 1790 482 1866 manibusque
498 1789 580 1847 datas
594 1790 759 1865 contingere
772 1791 898 1850 habenas

41 1871 174 1937 Gaudet;
195 1879 225 1926 et
238 1868 326 1926 invito
340 1879 434 1944 grates
447 1867 506 1945 agit
519 1868 586 1925 inde
599 1869 719 1945 parenti.

79 1950 198 2006 interea
211 1947 341 2005 volucres
355 1947 471 2015 Piroe'is,
487 1947 574 2015 Eiius,
588 1958 618 2004 et
632 1947 750 2015 AEthon,

41 2027 110 2086 Solis
124 2026 202 2104 equi,
217 2037 388 2102 quartusque
402 2026 539 2102 Phlegon,
553 2026 709 2083 hinnitibus
723 2045 805 2084 auras

40 2105 224 2165 Flammiferis
236 2105 364 2182 implent,
378 2104 555 2181 pedibusque
568 2105 702 2180 repagula
715 2104 838 2181 pulsant.

42 2188 108 2250 Quae
120 2196 275 2262 postquam
291 2184 408 2260 Tethys,
420 2184 543 2241 fatorum
557 2183 655 2260 ignara
668 2184 789 2259 nepotis,

41 2263 186 2342 Reppulit,
201 2274 232 2320 et
244 2262 321 2320 facta
334 2273 378 2320 est
391 2262 520 2319 immensi
535 2262 617 2339 copia
630 2262 738 2329 mundi,

41 2343 210 2420 Corripuere
222 2341 305 2410 viam,
319 2341 497 2419 pedibusque
509 2360 560 2416 per
573 2345 639 2398 ae'ra
651 2340 737 2398 motis

41 2423 199 2482 Obstantes
211 2420 324 2477 findunt
337 2420 466 2487 nebulas,
480 2419 636 2496 pennisque
651 2419 736 2475 levati

40 2500 217 2559 Praetereunt
230 2509 307 2558 ortos
321 2499 411 2556 isdem
425 2499 461 2555 de
474 2499 602 2574 partibus
617 2498 718 2554 Euros.
841 2498 898 2552 160

40 2580 93 2640 Sed
107 2581 174 2638 leve
186 2578 299 2656 pondus
313 2589 382 2647 erat,
397 2596 451 2635 nec
466 2578 541 2654 quod
555 2577 746 2652 cognoscere²
760 2584 878 2651 possent

25 2776 26 2784 ,
67 2737 292 2792 ¹Mutobilepectus,
304 2750 319 2778 a
330 2733 476 2794 rhaugeable
488 2736 574 2793 breast,
593 2753 626 2792 or,
647 2735 757 2783 abreast
772 2731 878 2794 capable
893 2727 922 2777 ol

24 2801 136 2854 'tbaugm
151 2809 184 2838 aa
194 2794 305 2840 alteram
314 2797 455 2846 resolution.
491 2799 503 2829 ⁸
516 2805 676 2865 Cognoscere,
685 2802 765 2852 know
775 2821 787 2864 3
803 2798 865 2848 ἰώ,

926 2954 935 3011 l
