1912 3082
219 112 294 163 nin.
313 114 349 164 v.
368 112 450 162 sss.
468 114 519 164 vr.
707 121 712 128 ·
745 102 800 166 lul

10 266 101 308 amen
115 250 144 308 in
158 250 240 320 coelo,
254 269 318 327 quae
328 254 388 328 jam
400 248 539 328 patientia
552 260 649 308 nostra
662 261 714 320 est,

10 329 131 397 mimum
150 346 186 386 ao
198 347 312 387 mecum
324 330 397 388 vires
411 339 565 388 tenuantur
577 330 700 388 Amoris.

10 408 67 466 ada
80 426 176 465 nonne
187 407 275 477 vides,
287 409 539 487 iaculatricemque
552 407 677 465 Dianam

10 487 133 544 cessisse
145 485 239 543 mihi?
260 487 371 546 Cereris
384 487 497 565 quique
510 487 569 544 filia
582 487 670 563 virgo,

10 566 143 635 atiemm,
157 565 229 624 erite
246 584 313 623 nam
327 585 391 644 spes
404 566 520 625 affectat
529 566 653 625 easdem.

10 663 44 713 u,
58 662 113 721 pro
126 643 205 702 socio
218 644 242 702 si
256 663 313 722 qua
325 656 371 704 est
382 664 447 704 mea
459 646 550 722 gratia
562 663 659 722 regno,

10 742 41 799 ge
52 724 168 781 Deam¹
181 734 294 801 patruo.
333 724 418 784 Dixit
431 725 548 783 Venus:
568 725 616 781 ille
629 724 789 802 pharetram

10 802 54 871 it;
75 812 115 871 et,
127 802 242 860 arbitrio
255 803 362 873 matris,
383 802 420 861 de
433 803 511 861 mille
523 803 633 879 sagittis
738 806 798 862 380

10 901 42 937 rn
56 881 194 957 seposuit,
208 881 259 939 sed
272 883 329 958 qui
340 901 395 941 nec
408 882 518 940 acutior
530 883 597 952 ulla,

22 961 121 1017 minus
134 959 243 1018 incerta
256 971 308 1030 est,
321 980 376 1020 nec
384 981 447 1039 quoe
459 961 550 1038 magis
564 959 661 1020 audiat
669 962 681 998 ²
690 978 797 1019 arcum.

10 1039 147 1115 ositoque
160 1057 236 1116 genu
249 1040 376 1098 curvavit
387 1041 482 1099 flexile
496 1059 602 1108 comu;

10 1137 36 1176 re
50 1137 102 1176 cor
115 1118 231 1176 hamati
243 1119 382 1196 percussit
394 1119 532 1177 arundine
546 1119 655 1176 Ditem.

10 1198 77 1255 laud
90 1197 191 1273 procul
204 1198 342 1256 Hennaeis
354 1199 433 1256 lacus
444 1209 488 1256 est
501 1217 520 1256 a
532 1197 674 1255 moenibus
688 1195 761 1266 altae,

10 1277 72 1334 aine
86 1276 204 1352 Pergus,
218 1289 315 1354 aqum
334 1296 392 1334 non
405 1277 454 1334 illo
467 1277 550 1355 plura
564 1277 698 1354 Caystros

10 1356 82 1413 nina
95 1373 253 1432 cygnorum
266 1356 428 1414 labentibus
442 1356 522 1415 audit
535 1357 565 1413 in
577 1356 670 1414 undis.

10 1455 23 1493 a
35 1445 159 1493 coronat
171 1453 267 1511 aquas,
282 1435 400 1512 cingens
413 1435 489 1494 latus
502 1454 595 1505 omne,
610 1435 725 1512 suisque

10 1514 118 1582 idibus,
132 1524 166 1571 ut
178 1514 251 1582 velo,
267 1515 409 1572 Phoebeos
422 1516 573 1573 submovet
586 1515 668 1572 ictus.

10 1612 62 1651 ora
76 1593 147 1650 dant
159 1593 239 1662 rami,
254 1593 356 1670 Tyrios
369 1593 473 1651 humus
485 1593 603 1652 humida
615 1593 707 1650 flores.
738 1593 797 1648 390

10 1682 123 1728 ›etuum
133 1691 182 1730 ver
195 1681 248 1730 est.
288 1674 355 1737 Quo
369 1672 437 1729 dum
451 1673 619 1749 Proserpina
632 1671 697 1729 luco

11 1751 44 1820 it,
59 1761 90 1808 et
103 1761 154 1809 aut
166 1751 264 1820 violas,
278 1762 329 1809 aut
343 1751 465 1809 candida
476 1751 535 1809 lilia
548 1750 655 1828 carpit3

10 1848 84 1907 nque
96 1829 216 1907 puellari
229 1829 324 1888 studio
334 1830 517 1908 calathosque
530 1831 678 1906 sinumque

9 1910 60 1979 let,
73 1919 104 1966 et
116 1908 239 1987 aequales
252 1919 343 1968 certat
353 1928 485 1986 superare
498 1909 620 1986 legendo
631 1932 639 1976 ;

10 2008 33 2047 le
47 1987 133 2047 simul
147 1988 207 2046 visa
219 1998 273 2058 est,
287 1988 455 2065 dilectaque,
469 2000 606 2066 raptaque
620 1985 703 2044 Diti:

10 2087 45 2126 ue
58 2066 134 2125 adea
147 2078 314 2145 properatur
327 2086 415 2125 amor.
435 2094 437 2098 ·
455 2068 521 2126 Dea
533 2066 630 2125 territa
643 2074 755 2132 moesto,

10 2157 131 2215 uatrem,
145 2157 176 2205 et
189 2146 309 2205 comites
317 2151 338 2216 ⁸,
352 2146 404 2204 sed
416 2157 536 2205 matrem
550 2145 660 2223 saepius,
674 2162 724 2201 ore
743 2152 752 2181 ³
773 2148 780 2174 ί

10 2235 78 2302 uat3
98 2232 185 2292 et‚'ut
197 2225 308 2284 summa
317 2235 424 2283 restem
437 2224 555 2284 laniirat
568 2227 605 2283 ab
619 2226 676 2294 ora,

10 2304 69 2364 ecti
83 2304 169 2370 florea
182 2303 286 2363 tunicis
299 2303 429 2362 cecidere
438 2305 569 2363 remissis.

10 2395 97 2460 taque
111 2383 277 2459 simplicitas
289 2382 444 2460 puerilibus
457 2382 549 2442 adfuit
562 2381 651 2451 annis,
737 2381 796 2438 40⁰

10 2485 16 2524 r
30 2461 149 2542 quoque
161 2462 319 2540 virgineum
332 2461 422 2519 morit
432 2465 545 2540 jactura
557 2461 692 2519 dolorem.

10 2626 82 2674 leona
92 2622 109 2669 i.
122 2637 142 2668 a.
153 2622 325 2682 Prompiaum.
356 2619 367 2648 ¹
378 2620 456 2680 Magis
467 2622 555 2676 audiat,
573 2620 594 2666 is
606 2634 673 2666 mora
683 2612 796 2662 obedient

10 2703 30 2735 a.
41 2686 64 2733 is
81 2685 136 2731 ahot
150 2698 217 2731 mora
233 2682 305 2743 easily
316 2681 365 2730 and
378 2682 523 2745 unerringly.
561 2683 685 2734 'Cumaea
700 2691 807 2734 compar

10 2767 19 2794 a
57 2747 91 2793 In
103 2747 152 2793 line
162 2752 210 2795 894
220 2747 276 2806 tlrey
285 2761 325 2794 are
335 2744 412 2794 called
428 2749 541 2811 equam.
556 2746 625 2796 lrom
634 2739 811 2816 magalim

12 2825 66 2869 age·
102 2808 240 2870 According
255 2817 280 2856 to
292 2809 394 2862 Homer
409 2813 476 2863 their
494 2830 583 2864 namus
593 2826 671 2869 wera,
684 2805 842 2872 &auctuum

10 2883 26 2923 a,
42 2867 136 2924 Ianthe,
151 2869 238 2929 Tycha
253 2871 360 2938 Ocyro‘d,
375 2879 428 2930 and
444 2880 604 2932 Metanasta-
