1912 3082
58 162 98 221 54
354 169 604 218 usrnnrourn.
627 158 630 163 '

58 305 285 382 Praevalidusque
298 305 406 374 Lacon,
421 316 451 364 et
465 324 549 363 cursu
563 304 643 361 fortis
659 303 752 371 Aello,

58 382 98 442 Et
113 384 219 452 Thotis,
238 395 268 442 et
283 385 388 462 Cyprio
401 385 486 443 velox
499 403 565 441 cum
579 383 663 440 fratre
678 383 809 458 Lycisce,
855 384 915 438 ‘220

57 462 98 520 Et
111 463 219 538 nigram
233 464 327 520 medio
339 464 460 520 frontem
473 463 623 520 distinctus
637 463 673 519 ab
688 462 754 518 albo

57 541 209 618 Harpalos,
224 552 254 599 et
267 543 426 609 Melaneus,
444 543 606 617 hirsutaque
619 559 736 617 corpore
749 540 887 599 Lachnet

56 619 96 678 Et
110 631 190 697 patre
203 621 323 688 Dictaeo,
338 620 388 676 sed
403 631 492 676 matre
506 620 652 677 Laconide
666 619 735 688 nati,
883 621 887 625 ’

56 698 175 766 Labros,
191 709 219 756 et
238 699 384 773 Agriodos‚
400 708 429 756 et
443 709 534 756 acutae
549 699 625 755 vocis
640 697 798 774 Hylactor:

57 781 193 854 Quosque
203 776 304 833 referre
314 796 392 834 mora
402 788 454 834 est.
495 777 539 834 Ea
550 778 641 846 turba,
656 776 790 852 cupidine
801 777 913 853 praedse,

57 857 112 913 Per
124 875 217 932 rupes,
232 856 428 931 scopulosque,
443 856 578 932 adituque
593 855 717 912 carentia
731 874 809 924 saxa,

57 935 122 997 Qua
134 936 180 991 via
193 934 320 1004 difficilis,
335 936 446 1011 quiaque
460 945 504 991 est
515 935 560 991 via
573 935 659 1002 nulla,
672 933 810 991 feruntur.

56 1014 109 1070 llle
122 1012 203 1089 fugit,
217 1032 269 1090 per
282 1033 344 1088 quae
359 1013 448 1071 fuerat
462 1013 526 1070 loca
540 1031 614 1089 saepe
628 1022 753 1070 secutus.

57 1092 143 1152 Heu!
159 1093 280 1150 famulos
293 1092 366 1168 fugit
379 1093 440 1169 ipse
454 1111 520 1149 suos
533 1091 539 1151 !
556 1093 678 1149 clamare
691 1091 809 1160 libebat,

63 1173 178 1229 tctaeon
193 1192 246 1247 ego
259 1191 321 1228 sum
333 1195 340 1238 ς
358 1172 504 1228 dominum
518 1171 680 1246 cognoscite
694 1180 829 1227 vestrum.
854 1170 914 1228 230

56 1250 152 1307 Verba
165 1251 259 1306 animo
273 1250 393 1315 desunt;
413 1260 526 1307 resonat
539 1250 688 1307 latratibus
701 1249 799 1306 aether.

56 1327 151 1385 Prima
165 1327 369 1384 Melanchaetes
383 1328 411 1384 in
425 1342 504 1404 tergo
518 1329 634 1386 vulnera
647 1328 733 1396 fecit3

55 1406 189 1464 Proxima
204 1406 403 1472 Theridamas;
425 1407 624 1483 Oresitrophus
637 1407 719 1464 haesit
732 1406 762 1462 in
775 1424 865 1466 mmo.

56 1486 177 1542 Tardius
191 1484 326 1552 exierant,
343 1486 393 1542 sed
407 1505 458 1561 per
472 1487 640 1562 compendia
653 1485 758 1542 montis

56 1565 222 1640 Anticipata
234 1564 280 1620 via
293 1574 346 1622 est.
387 1564 543 1621 Dominum
556 1565 743 1623 retinentibus
757 1565 813 1623 illis

57 1645 167 1701 Caetera
181 1644 265 1701 turba
278 1649 345 1712 coit,
360 1643 525 1720 confertque
539 1644 568 1700 in
580 1662 698 1721 corpore
711 1645 823 1702 dentes.

55 1723 121 1780 Jam
135 1723 198 1780 loca
211 1723 373 1781 vulneribus
387 1723 499 1781 desunt.
540 1723 637 1780 Gemit
652 1724 708 1793 ille,
724 1740 892 1799 sonumque,

57 1801 104 1871 Et,
120 1803 142 1859 si
157 1822 214 1859 non
227 1802 357 1872 hominis,
372 1822 456 1879 quem
468 1822 526 1862 non
540 1813 637 1860 tamen
650 1803 735 1860 edere
748 1802 839 1878 possit

56 1881 172 1950 Cervus,
186 1882 291 1949 habet3
310 1882 474 1957 moestisque
485 1881 576 1957 replet
585 1887 654 1958 juga
667 1893 736 1939 nota
749 1878 887 1957 querelis3

56 1958 95 2016 Et
108 1960 228 2035 genibus
240 1960 359 2035 supplex
373 1961 477 2036 pronis,
490 1961 642 2036 similisque
653 1960 774 2037 roganti,
851 1959 911 2017 240

56 2038 225 2096 Circumfert
239 2039 349 2105 tacitos,
364 2048 498 2113 tanquam
513 2057 564 2095 sua
579 2039 703 2108 brachia,
717 2038 824 2096 vultus.

55 2120 98 2174 At
112 2117 230 2174 comites
243 2115 370 2191 rapidum
386 2117 473 2172 solitis
487 2116 646 2175 hortatibus
659 2137 763 2194 agmen

55 2196 149 2272 lgnari
163 2194 307 2270 instigant,
323 2194 468 2270 oculisque
484 2196 623 2253 Actaeona
636 2207 784 2273 quaerunt3

55 2276 95 2333 Et
108 2275 185 2332 velut
198 2275 345 2331 absentem
361 2274 489 2330 certatim
506 2276 644 2332 Actaeona
657 2276 791 2334 clamant.

56 2355 105 2412 Ad
119 2373 222 2410 nomen
236 2364 323 2428 caput
336 2352 383 2409 ille
397 2353 490 2421 refert,
505 2365 537 2411 ut
551 2356 651 2412 abesse
665 2365 830 2431 queruntur,

56 2435 119 2492 Nec
133 2450 233 2508 capere
247 2431 351 2489 oblatae
365 2450 480 2508 segnem
496 2433 659 2507 spectacula
672 2435 783 2510 praedae.

56 2514 149 2572 Vellet
164 2512 263 2569 abesse
278 2511 400 2586 quidem,
416 2511 466 2567 sed
480 2513 560 2568 adest
572 2537 579 2579 ;
598 2513 739 2589 velletque
753 2512 859 2581 videre,

56 2594 122 2653 Non
137 2592 222 2650 etiam
237 2589 348 2657 sentire,
364 2608 466 2645 canum
480 2591 539 2646 fera
552 2591 628 2649 facta
641 2611 765 2649 suorum.

57 2672 190 2750 Undique
203 2669 402 2735 circumstant;
423 2669 576 2746 mersisque
589 2670 618 2726 in
632 2689 750 2748 corpore
761 2669 876 2729 rostris¹

270 2817 274 2823 ¹
328 2826 528 2904 ’ΜΝ
537 2835 632 2877 moute.
