1912 3082
68 139 104 197 ld
363 142 615 191 METAMORPH·

64 277 195 336 Maxima
207 296 272 355 pars
285 277 363 335 undd
375 278 498 356 rapitur:
519 278 622 355 quibus
636 277 712 336 unda
725 278 862 355 pepercit,

64 357 133 414 Illos
146 357 232 433 longa
245 357 362 414 domant
376 357 453 434 inopi
465 358 572 435 jejunia
584 357 672 414 victu.

106 437 225 512 Separat
238 437 365 493 Aonios¹
380 437 488 493 Actaeis
504 436 606 494 Phocis
619 438 656 493 ab
670 435 751 502 arvis,

66 514 154 573 Terra
166 515 253 583 ferax,
268 514 335 571 dum
350 526 425 573 terra
436 514 507 580 fuit;
528 516 578 572 sed
592 524 719 590 tempore
733 514 761 570 in
776 513 825 571 illo

66 593 136 651 Pars
149 593 241 662 maris,
256 604 286 650 et
299 593 374 651 latus
388 593 544 650 subitarum
559 613 676 669 campus
688 611 834 669 aquarum.

65 671 154 729 Mons
168 672 207 729 ibi
220 672 373 729 verticibus
386 672 459 748 petit
471 673 576 730 arduus
589 675 684 729 astra²
696 668 819 741 duobus,
850 729 876 764 s

66 749 190 807 Nomine
205 751 354 819 Parnasus,
368 760 537 826 superatque
551 751 698 808 cacumine
712 753 813 808 nubes.
870 805 882 822 ἦ

66 829 126 887 Hic
138 829 189 886 ubi
203 829 372 898 Deucalion,
386 848 452 886 narn
467 840 569 887 caetera
581 839 692 887 texerat
704 848 809 906 aequor,

66 908 141 965 Cum
154 919 288 964 consorte
299 909 352 964 tori
366 908 451 983 parva
464 917 524 964 rate
537 918 636 966 vectus
649 909 776 977 adhaesit,

66 986 221 1063 Corycidas
234 987 381 1062 nymphae,
396 996 426 1042 et
439 986 555 1043 numina
568 987 672 1044 montis
685 987 813 1055 adorant,
858 987 919 1043 320

67 1064 279 1140 Fatidicamque
294 1063 423 1131 Themin,
438 1083 501 1139 quae
515 1076 584 1121 tunc
598 1060 692 1121 oracla
705 1053 855 1160 tenebatqi

68 1142 132 1200 Non
148 1144 196 1199 illo
210 1143 309 1200 melior
322 1142 478 1219 quisquam,
492 1162 546 1200 nec
559 1142 698 1200 amantior
711 1143 784 1218 aequi

67 1221 118 1278 Vir
130 1222 192 1289 fuit,
206 1233 257 1278 aut
270 1221 318 1278 ille
331 1221 503 1278 metuentior
516 1221 574 1278 ulla
588 1222 725 1279 Deorum.

66 1300 179 1376 Jupiter
192 1310 225 1356 ut
239 1300 350 1375 liquidis
364 1311 494 1374 stagnare
507 1299 659 1376 paludibus
672 1301 778 1368 orbem,

68 1378 107 1435 Et
120 1397 266 1454 superesse
279 1378 357 1435 videt
370 1379 407 1435 de
421 1388 465 1434 tot
477 1378 564 1435 modd
577 1378 702 1445 millibus
716 1397 834 1447 unumst

68 1456 107 1514 Et
120 1476 266 1531 superesse
278 1457 356 1515 videt
369 1457 405 1514 de
420 1467 464 1513 tot
477 1455 562 1514 modd
577 1456 702 1535 millibus
709 1474 809 1524 unam,

66 1535 210 1592 Innocuos
223 1537 331 1602 ambos,
346 1536 469 1592 cultores
482 1534 604 1592 numinis
617 1537 683 1592 amb
693 1536 705 1549 ”
717 1575 726 1604 ,

67 1600 174 1671 Nubila
188 1613 335 1691 disjecit³;
355 1613 513 1690 nimbisque
527 1613 661 1688 aquilone
711 1602 716 1623 ³
731 1613 795 1683 otis,

68 1692 107 1749 Et
121 1692 194 1749 coelo
208 1703 296 1750 terras
309 1693 442 1761 ostendit,
457 1704 487 1750 et
500 1693 605 1749 aethera
618 1702 647 1750 te

67 1770 130 1828 Nec
144 1771 229 1828 maris
242 1771 282 1828 ira
295 1783 409 1839 manet;
428 1771 577 1847 positoque
590 1770 744 1848 tricuspide
757 1769 815 1829 telo
859 1770 923 1829 330

70 1845 183 1908 Mulcet
196 1869 283 1927 aquas
296 1861 390 1909 rector
402 1851 512 1927 pelagi:
534 1869 672 1927 supraque
685 1849 881 1926 profundum⁴
920 1842 930 1871 ⁹

68 1927 246 1997 Exstantem,
260 1939 346 2004 atque
359 1930 491 1986 humeros
504 1929 601 1986 innato
615 1927 722 1986 murice
734 1937 854 1999 tectum,
907 1926 913 1963 ·’

69 2007 229 2064 Caeruleum
245 2008 363 2064 Tritona
375 2017 476 2072 vocat3
496 2007 668 2083 conchaeque
681 2005 777 2064 sonaci

58 2084 208 2160 inspirare
220 2087 310 2162 jubet,
325 2086 485 2161 fluctusque
498 2095 529 2141 et
540 2085 657 2142 flumina
671 2086 751 2163 signo

68 2164 135 2221 dam
149 2182 280 2221 revocare
294 2164 372 2220 dato.
413 2164 490 2222 Cava
502 2162 625 2221 buccina
637 2165 757 2221 sumitur
769 2162 811 2221 illi

70 2241 193 2311 Tortilis,
208 2241 237 2298 in
250 2241 360 2299 latum⁵
373 2261 437 2319 quae
450 2240 563 2299 turbine
576 2242 678 2300 crescit
690 2243 728 2301 ab
742 2242 818 2302 imos

101 2414 206 2462 'Aonios
225 2413 371 2477 (homines)r
398 2415 441 2462 See
470 2413 563 2461 Phdcit.
597 2413 680 2463 'Petit
698 2425 769 2470 astra,
790 2415 859 2464 mk·
879 2408 930 2467 tlte.

70 2488 145 2532 stars3
163 2477 220 2524 rises
240 2487 264 2523 to
285 2479 325 2523 the
345 2487 410 2525 stars.
442 2477 530 2524 'Ordo
546 2485 597 2531 ests
616 2481 716 2539 Jupiter,
734 2487 761 2526 at
789 2479 841 2536 ille)
858 2482 921 2529 sidet

68 2544 143 2590 orbem
156 2550 264 2601 stagnare
279 2542 373 2600 liquidis
381 2542 513 2602 paludibus,
528 2549 548 2586 et
560 2555 632 2587 anam
650 2480 793 2601 (hominemS
804 2556 932 2602 copman-

69 2608 97 2652 de
108 2613 138 2651 tot
150 2605 249 2650 millibus
267 2601 340 2661 modd,
357 2612 378 2650 et
397 2620 465 2650 unam
479 2600 624 2667 (foeminam)
638 2619 752 2663 superesse
770 2607 798 2651 de
808 2612 841 2652 tot
850 2605 922 2652 molt·
950 2639 954 2648 ,

67 2670 109 2713 bur
119 2664 189 2719 modi.
205 2666 403 2719 omiosinnocaor,
420 2667 496 2716 amics
506 2667 602 2714 cultores
610 2668 718 2720 trunonis,
734 2667 823 2730 diriecit
833 2668 931 2727 naidas,

60 2728 101 2771 rac
141 2725 306 2793 ‘Prffaudum
318 2730 414 2790 (mare).
445 2728 495 2777 'In
505 2730 586 2783 lotam,
597 2727 624 2774 in
631 2727 704 2774 widtb
