1912 3082
355 115 429 175 orn.
447 116 483 164 v.
503 115 584 164 sss.
604 115 628 162 1.
868 111 919 164 lot

70 253 143 311 Ense
157 252 241 310 ferit:
262 251 358 310 sonuit
371 252 520 310 tinnitibus
532 251 606 309 cusis
620 251 720 308 acutis.

68 333 144 390 Dum
158 342 257 407 stupet
270 332 424 408 Astyages,
436 342 566 389 naturam
580 330 667 388 traxit
678 330 814 397 eandem

68 410 287 487 Marmoreoque
299 421 395 468 manet
408 410 503 467 vultus
516 409 644 466 mirantis
658 408 687 464 in
701 427 758 465 ore.

69 489 190 548 Nomina
203 490 291 566 longa
302 508 382 546 mora
394 500 438 546 est
451 489 546 546 mediis
559 489 595 546 de
609 488 694 563 plebe
706 487 827 544 virorum

67 568 179 627 Dicere.
220 568 271 626 Bis
283 578 399 625 centurn
412 568 558 625 restabant
572 585 690 643 corpora
701 586 821 643 pugnae:

68 646 200 724 Gorgone
213 647 259 706 bis
273 658 390 705 centurn
403 647 548 723 riguerunt
564 665 682 722 corpora
691 647 759 704 visis.

103 726 231 785 Poenitet
245 726 342 804 injusti
353 745 429 784 nune
439 725 561 801 denique
576 726 684 783 Phinea
697 725 774 783 belli.
861 729 919 785 210

66 804 120 864 Sed
130 806 201 883 quid
214 806 305 881 agat?
326 805 475 863 simulacra
488 805 566 862 videt
577 804 686 862 diversa
699 804 831 881 liguris¹3

67 885 261 965 Agnoscitque
274 903 351 954 suos,
363 895 393 942 et
402 883 517 941 nomine
531 902 671 960 quemque
681 895 797 942 vocatos

65 962 157 1023 Poscit
171 983 276 1040 operm
296 964 470 1040 credensque
483 981 592 1039 parum,
607 962 660 1019 sibi
674 963 804 1039 proxima
815 964 908 1040 tangit

64 1043 202 1120 Corpora;
216 1061 340 1100 marmor
349 1052 439 1100 erant.
468 1042 629 1109 Avertitur;
641 1052 727 1117 atque
737 1042 777 1098 ita
786 1044 915 1118 supplex,

64 1122 270 1198 confessasque
284 1140 395 1190 manus,
409 1120 580 1198 obliquaque
594 1121 710 1178 brachia
722 1120 850 1189 tendens,

63 1199 166 1270 lincis,
180 1200 230 1269 ait,
246 1201 370 1259 Perseus
389 1219 503 1258 remove
514 1201 574 1258 fera
587 1211 722 1269 monstra,
745 1209 856 1277 tuaeque

63 1278 200 1337 Saxificos
213 1279 317 1349 vultus,
331 1298 507 1356 quaecunque
519 1298 562 1348 es,
578 1279 646 1337 tolle
659 1279 800 1336 Medusae.

62 1357 151 1428 Tolle,
165 1376 277 1436 precor.
319 1358 386 1416 Non
399 1377 451 1416 nos
465 1358 562 1415 odium
574 1359 688 1434 regnive
700 1358 804 1434 cupido

61 1437 207 1514 computis
219 1438 257 1495 ad
270 1437 394 1505 bellum;
411 1456 463 1515 pro
477 1441 599 1515 conjuge
612 1437 750 1495 movimus
763 1456 850 1497 arma.

60 1517 154 1575 Causa
166 1516 224 1573 fuit
237 1516 344 1575 meritis
355 1517 455 1573 melior
468 1527 527 1586 tua,
543 1528 670 1593 ternpore
684 1527 789 1575 nostra.
855 1519 913 1574 220

60 1594 125 1652 Non
139 1595 259 1653 cessisse
271 1594 360 1672 piget,
378 1595 456 1665 nihil,
471 1595 499 1653 0
511 1596 671 1665 fortissime,
684 1607 786 1672 praeter

61 1673 146 1733 Hunc
158 1674 283 1731 animam
297 1675 424 1733 concede
437 1674 523 1743 mihi;
543 1686 593 1732 tua
606 1686 709 1733 caetera
720 1686 814 1733 sunto.

96 1753 182 1810 Talia
193 1753 308 1822 dicenti,
321 1773 414 1830 neque
427 1773 502 1822 eum,
517 1773 600 1830 quern
614 1773 685 1812 voce
697 1758 827 1831 rogabat,

60 1830 214 1910 Respicere
228 1832 353 1902 audenti,
370 1834 464 1903 Quod,
476 1833 525 1902 ait,
544 1833 720 1892 timidissime
732 1834 851 1903 Phineu,

60 1910 95 1969 Et
108 1930 229 1988 possum
244 1911 385 1981 tribuisse,
400 1922 430 1970 et
443 1931 578 1987 magnum
592 1932 696 1971 munus
710 1913 814 1972 inerti²
827 1924 880 1981 est,

59 1988 137 2048 Pone
150 2001 270 2060 metum,
283 1991 424 2049 tribuam:
445 1991 525 2049 nullo
538 1992 680 2050 violabere
692 1991 775 2050 ferro.

59 2069 236 2133 Quinetiam
245 2088 379 2128 mansura
394 2070 469 2129 dabo
484 2082 668 2129 monuments
681 2091 733 2149 per
745 2092 855 2141 aevum;

13 2170 18 2183 ·
58 2147 147 2225 loque
160 2149 248 2206 domo
262 2148 352 2208 soceri
366 2169 478 2226 semper
492 2152 658 2226 spectabere
672 2151 769 2221 nostri,

11 2246 16 2269 ¹
59 2226 95 2284 Ut
106 2247 174 2285 mea
188 2246 219 2284 se
231 2229 327 2304 sponsi
340 2228 447 2287 soletur
460 2229 582 2306 imagine
594 2234 710 2308 conjux.

91 2306 197 2363 Dixit:
217 2316 248 2364 et
261 2307 290 2363 in
303 2317 414 2384 partem
428 2309 608 2385 Phorcynida
621 2309 765 2367 transtulit
777 2309 863 2378 illam,

58 2384 102 2443 nd
116 2403 204 2461 quam
219 2403 250 2443 se
264 2387 374 2463 trepido
387 2387 513 2446 Phineus
527 2390 688 2447 obverterat
701 2407 758 2446 ore.
849 2389 906 2446 231

16 2462 25 2565 j
57 2461 129 2520 Tum
141 2463 257 2541 qudque
268 2466 382 2524 conanti
397 2484 449 2524 sua
461 2468 576 2525 flectere
589 2467 697 2524 lumina
711 2467 806 2526 cervix

18 2574 22 2584 ·
57 2540 190 2620 Diriguit,
204 2562 330 2622 saxoque
340 2545 488 2603 oculorum
502 2545 628 2603 induruit
638 2547 748 2603 humor.

81 2699 90 2730 ¹
101 2702 296 2765 Dioemfigurir,
305 2703 329 2749 in
338 2703 574 2760 differentattitudes,
581 2721 615 2760 or,
622 2706 649 2752 in
656 2702 915 2764 attitudesexprssims

17 2782 23 2819 t
48 2763 315 2873 ἵΐεῇνῗῗώωι-ρωίοιιι
348 2766 485 2831 'Magnum
497 2773 678 2831 monastrant.
691 2771 935 2834 armgbubmuw

460 2901 512 2962 13
