1912 3082
59 92 100 147 48
362 111 613 160 ararnnourn.

60 248 123 306 Aut
136 265 241 316 comes,
255 246 355 323 inquit,
369 265 427 305 ero.
468 247 570 305 Dixit:
589 245 746 322 dextrique
760 244 891 306 molarem

60 326 189 395 Sustulit,
202 337 231 384 et
243 345 379 402 magnum
392 345 496 403 magno
508 326 656 384 conamine
670 325 755 383 misit.
876 328 891 383 6

58 407 139 464 llltus
153 405 275 482 impulsu
289 425 355 463 cum
369 406 493 463 turribus
506 406 595 462 ardua
608 403 690 463 celsis

58 484 170 542 Moenia
180 495 258 542 mota
269 483 395 552 forent²;
420 503 535 561 serpens
547 484 608 541 sine
621 482 738 541 vulnere
751 483 866 542 mansit.

58 563 225 640 Loricaeque
233 563 318 620 modo
331 563 454 638 squamis
468 563 610 629 defensus,
624 573 655 620 et
667 572 735 619 atrae

59 643 172 700 Duritid
185 641 275 718 pellis,
289 641 396 698 validos
410 651 477 698 cute
490 640 612 717 reppulit
626 640 708 698 ictus.

58 722 100 778 At
114 739 173 778 non
186 719 289 777 duritiis
298 721 425 796 jaculum
439 719 552 797 quoque
564 719 652 777 vincit
662 719 773 789 eidem,

58 799 144 864 Quod
158 798 252 856 medio
265 799 349 856 lentae
362 799 451 855 fixum
466 798 628 856 curvamine
643 797 732 874 spinae

58 877 201 946 Constitit,
217 886 245 934 et
257 886 318 934 toto
329 876 476 935 descendit
489 876 518 933 in
531 877 580 935 ilia
592 877 675 934 ferro.

57 957 118 1025 Ille,
132 956 230 1014 dolore
243 955 332 1025 ferox,
345 949 434 1032 eaput
447 950 542 1014 in‘sua
556 966 636 1031 terga
646 954 768 1024 retorsit,

57 1035 239 1112 Vulneraque
253 1035 392 1112 adspexit,
404 1036 549 1111 fixumque
562 1034 664 1092 hastile
678 1034 840 1093 momordit.

58 1114 157 1192 ldque,
171 1115 221 1173 ubi
235 1115 262 1171 vi
276 1115 367 1172 multia
379 1125 489 1191 partem
501 1113 633 1172 labefecit
648 1112 676 1169 in
691 1132 815 1183 ornnem,
874 1115 891 1171 7

56 1193 114 1250 Vix
127 1205 207 1270 tergo
222 1193 341 1269 eripuit;
352 1193 456 1250 ferrum
468 1204 563 1251 tamen
577 1192 688 1250 ossibus
698 1192 797 1251 haeret.

57 1270 133 1328 Tum
143 1271 219 1340 verb,
232 1282 383 1347 postquam
397 1272 493 1329 solitas
507 1271 627 1330 accessit
636 1271 674 1328 ad
688 1270 743 1330 iras
766 1327 767 1330 ,

57 1350 146 1426 Plaga
157 1369 267 1417 recens,
280 1349 370 1425 plenis
384 1360 550 1407 tumuerunt
562 1361 679 1427 guttura
691 1350 781 1420 venis,

58 1428 222 1504 Spumaque
235 1427 383 1505 pestiferos
395 1428 565 1487 circumfluit
574 1429 670 1487 albida
682 1429 780 1509 rictus,

58 1507 202 1582 Terraque
215 1507 298 1564 rasa³
309 1518 393 1566 sonat
403 1506 542 1583 squamis3
555 1507 660 1584 quique
672 1507 778 1567 halitus
791 1509 851 1567 exit

56 1585 114 1643 Ore
126 1585 206 1661 niger
221 1584 320 1663 Stygio
331 1584 353 1655 ⁴,
373 1586 485 1644 vitiatas
495 1585 584 1645 inlicit
597 1605 689 1645 auras.

57 1663 122 1740 lpse
133 1664 220 1722 modd
234 1664 403 1722 immensum
415 1665 495 1742 spiris
508 1664 678 1724 facientibus
692 1667 791 1724 orbem

56 1744 224 1820 Cingitur⁵3
249 1743 392 1802 interdum
406 1744 491 1820 longai
504 1746 586 1804 trabe
601 1744 705 1810 rectior
716 1745 777 1803 exit
785 1749 807 1803 ⁶.

56 1822 167 1900 Impete
181 1842 258 1881 nunc
271 1834 361 1892 vasto,
371 1842 425 1883 eeu
436 1823 565 1882 concitus
578 1823 717 1882 imbribus
730 1824 830 1895 amnis,

55 1901 173 1970 Fertur;
193 1913 223 1960 et
235 1903 381 1960 obstantes
395 1904 544 1978 proturbat
556 1913 672 1978 pectore
684 1903 777 1962 silvas.
870 1907 891 1963 8

56 1979 141 2036 Cedit
151 1980 329 2054 Agenorides
338 1980 466 2056 paullum
477 2005 484 2048 ς
497 1980 568 2056 spoli
588 1999 643 2058 que
654 1981 745 2040 leonis

55 2056 182 2114 Sustinet
195 2057 332 2126 incursus,
345 2057 535 2133 instantiaque
580 2078 598 2116 a
610 2060 736 2118 retardat

54 2135 180 2212 Cuspide
193 2137 340 2210 praetenta
381 2135 459 2192 Furit
473 2135 529 2204 ille,
540 2147 571 2194 et
583 2136 678 2197 inania
691 2139 763 2197 duro

54 2212 201 2272 Vulneral
215 2213 265 2272 dat
275 2213 358 2282 ferro,
371 2212 531 2290 frangitque
544 2214 574 2272 in
586 2217 718 2277 acumine
729 2218 840 2277 dentes.

52 2292 174 2369 Jamque
188 2287 355 2351 venenifero
362 2292 476 2368 sanguis
487 2312 602 2352 manare
614 2295 712 2371 palato
768 2305 771 2312 '

53 2371 195 2447 Coeperat,
207 2381 237 2429 et
250 2370 352 2430 virides
364 2371 512 2448 aspergine
524 2373 648 2432 tinxerat
660 2374 781 2434 lrerbasr

53 2450 110 2508 Sed
120 2449 182 2508 leve
197 2449 298 2507 vulnus
311 2460 389 2518 erat;
402 2450 469 2527 quia
482 2470 513 2509 se
524 2452 686 2511 retrahebat
699 2455 736 2513 ab
750 2453 820 2523 ictu,

83 2605 90 2637 ¹
103 2609 221 2660 Molas-rm,
233 2608 319 2669 abuge
327 2618 401 2656 stone.
430 2608 604 2670 'Motafirrent
615 2611 695 2657 would
703 2613 761 2658 have
769 2614 830 2659 been
841 2626 891 2659 mot

51 2669 93 2726 ed;
106 2670 184 2718 would
195 2672 254 2717 hate
264 2673 324 2717 been
342 2670 438 2718 shaken.
471 2671 565 2726 'Rana
582 2675 711 2721 nmowed.
746 2674 846 2737 ‘Stygio
862 2691 891 2722 on

47 2733 111 2778 from
129 2733 168 2780 bis
187 2732 297 2788 insemel,
318 2750 351 2788 or,
374 2733 479 2788 banelul,
498 2735 589 2781 mouth.
621 2735 760 2797 'Cingitan
781 2737 803 2784 is
824 2737 891 2784 roll«

52 2794 121 2847 Mt
130 2810 195 2857 goes
205 2805 270 2856 eutr
283 2795 382 2847 unfolds
392 2796 498 2847 himself.
527 2795 537 2824 ¹
554 2799 790 2858 Vulneromouudu
798 2800 891 2849 stroke!

38 3026 67 3052 f
