1912 3082
202 132 274 182 mu.
293 134 360 182 vn·
379 133 459 182 ΕΑΒ.
479 134 503 181 Ι.
727 129 784 186 115

144 284 554 344 METAMORPHOSEON

254 427 370 474 LIBER
387 426 452 475 vll.

26 587 145 626 numam
158 567 245 626 vellus
257 568 364 626 aanor
373 568 478 626 Medera
490 568 644 642 acquirere&
675 585 747 626 rar.
763 587 784 627 1.

24 744 64 784 us
76 726 183 782 fretum
196 724 322 802 Minyoe¹
338 726 473 801 Pagasaea
483 744 580 801 puppe
591 726 735 796 secabant,

24 806 130 879 tuaque
144 803 259 861 trahens
270 804 385 880 inopem
399 806 452 861 sub
466 808 570 861 nocte²
583 816 728 862 senectam

24 903 57 939 us
74 883 152 939 visus
166 894 235 949 erat,
245 883 440 959 juvenesque³
455 883 598 958 Aquilone
612 884 699 941 creati

24 981 80 1017 reas
94 961 246 1018 volucres⁴
260 962 353 1018 miseri
367 961 441 1018 senis
455 979 503 1016 ore
516 961 667 1035 fugarum

24 1059 86 1114 rque
100 1039 226 1115 perpessi
240 1041 316 1097 claro
331 1042 384 1097 sub
398 1040 509 1108 lisono,
524 1039 640 1095 taudem

24 1128 124 1193 gerant
133 1117 245 1193 rapidas
259 1117 350 1174 limosi
366 1118 503 1175 Phasidos
517 1116 617 1173 undas.

24 1216 109 1271 mque
119 1196 226 1254 adeunt
233 1215 339 1270 regem,
347 1197 534 1272 Phryxeaque
542 1194 645 1251 vellera
653 1206 784 1269 poscunt,

24 1277 68 1331 1e⁵
84 1275 169 1331 datur
176 1276 301 1332 numeris
314 1293 480 1348 magnorum
490 1274 630 1331 horrenda
640 1273 784 1344 laborum

24 1352 69 1429 pit
83 1353 193 1411 interea
202 1353 310 1410 validos
325 1354 436 1411 AE'e'tias
451 1353 538 1428 ignes,

24 1442 98 1489 :tata
112 1432 170 1500 diu,
184 1443 334 1508 postquam
348 1432 457 1489 ratione
470 1431 613 1489 furorem⁶
748 1435 784 1490 lo

23 1530 55 1567 re
69 1529 129 1566 non
143 1521 271 1585 poterat3
292 1511 414 1578 Frustra,
426 1510 541 1578 Medea,
554 1529 704 1585 repugnas,

24 1590 117 1664 aquis
131 1590 212 1645 Deus
226 1592 331 1656 obstat,
345 1589 403 1655 ait;
420 1589 586 1664 mirumque,
600 1589 655 1644 nisi
667 1590 722 1646 hoc
731 1600 784 1658 est,

24 1667 119 1743 ‚liquid
132 1669 210 1725 certe
224 1668 314 1724 simile
327 1668 403 1735 huic,
418 1667 494 1742 quod
508 1686 602 1725 amare
615 1678 741 1724 vocatur.

24 1766 76 1804 cur
88 1750 166 1822 jussa
179 1746 266 1821 patris
279 1746 397 1802 nimium
411 1746 480 1801 mihi
493 1746 564 1802 dura
576 1746 728 1802 videntur?

24 1825 134 1900 quoque
154 1825 226 1881 dura
246 1822 337 1881 nimis.
379 1825 445 1891 Cur,
460 1843 544 1899 quem
564 1825 649 1880 modd
664 1825 784 1901 denique

24 1914 102 1971 ereat,
112 1903 222 1960 timeo?
241 1922 305 1979 quae
319 1903 391 1960 tanti
405 1922 491 1960 causa
504 1903 633 1960 timoris?
701 1904 783 1978 [vidi

24 1994 49 2038 te
63 1983 189 2056 virgineo
203 1992 356 2057 conceptas
369 1992 485 2057 pectore
497 1982 634 2047 flammas,

24 2073 72 2126 res,
88 2060 195 2117 infelix.
237 2059 267 2117 si
280 2079 402 2136 possem,
417 2060 509 2117 sanior
522 2078 622 2116 essem.

24 2139 94 2195 ahit
107 2137 224 2196 invitam
237 2157 311 2195 nove
324 2139 366 2195 vis
377 2162 385 2205 ;
401 2137 533 2213 aliudque
545 2139 665 2214 Cupido,

31 2216 135 2274 ⁷aliud
148 2217 258 2274 suadet.
299 2217 394 2274 Video'
404 2216 528 2284 meliora,
542 2220 705 2293 proboque3
745 2220 784 2275 20

24 2295 90 2351 iora
103 2314 213 2369 sequor.
254 2295 331 2358 Quid
345 2295 373 2350 in
387 2295 507 2370 hospite,
521 2296 598 2371 regia
610 2297 698 2373 virgo,

24 2374 57 2431 s?
80 2384 110 2429 et
124 2373 282 2430 thalam0s⁸
295 2372 379 2430 alieni
393 2374 518 2449 concipis
532 2376 608 2431 orbis
618 2377 653 2430 ⁹?

24 2529 87 2575 uyae,
107 2515 146 2559 tha
159 2512 309 2574 Argonauta:
334 2515 378 2561 See
391 2514 487 2573 Minyae.
518 2513 582 2561 'Sub
590 2513 702 2574 perpetrari
714 2523 785 2566 nocto.

24 2575 104 2626 tetual,
114 2593 149 2630 or,
159 2577 256 2630 endless,
269 2577 345 2638 night,
357 2580 373 2624 i.
385 2594 404 2623 e.
420 2577 445 2621 in
455 2575 582 2622 blindness.
609 2576 729 2630 Ἤνοπος,
741 2580 755 2622 t'.
763 2593 783 2624 a.

24 2649 42 2685 rt
53 2641 140 2685 zacher.
173 2638 182 2666 ⁴
195 2641 313 2698 Virgineus
324 2642 432 2691 volucres,
440 2639 481 2683 the
492 2637 568 2699 virgin
573 2639 648 2685 ·laced
659 2639 728 2686 birds
740 2641 754 2685 i.
766 2655 786 2685 a.

24 2701 108 2758 arpies.
147 2701 224 2754 'Lern
243 2702 283 2745 the
299 2701 438 2746 conditione.
478 2700 618 2750 ‘Furorerru
637 2703 679 2746 her
699 2699 788 2746 violent

31 2763 126 2816 'Mene
144 2778 234 2809 reason
273 2763 426 2819 'Thulomon
441 2764 572 2830 marriage,
589 2767 609 2814 ἱ.
619 2782 639 2812 a.
656 2762 805 2810 naumann.

24 2826 105 2875 sorba«,
115 2823 159 2868 οἶα
165 2823 258 2886 foreign
269 2825 352 2885 world,
363 2831 379 2878 ι’,
389 2846 409 2880 ρ,
417 2845 433 2878 2
442 2830 529 2881 milve
536 2831 564 2880 οἱ
571 2847 587 2880 0,
594 2828 700 2891 foreign
706 2835 819 2883 commu.
