<?xml version="1.0" encoding="UTF-8"?>
<!DOCTYPE html PUBLIC "-//W3C//DTD XHTML 1.0 Transitional//EN"
    "http://www.w3.org/TR/xhtml1/DTD/xhtml1-transitional.dtd">
<html xmlns="http://www.w3.org/1999/xhtml" xml:lang="en" lang="en">
 <head>
  <title>
</title>
<meta http-equiv="Content-Type" content="text/html;charset=utf-8" />
  <meta name='ocr-system' content='tesseract 3.04.00' />
  <meta name='ocr-capabilities' content='ocr_page ocr_carea ocr_par ocr_line ocrx_word'/>
</head>
<body>
  <div class='ocr_page' id='page_1' title='image "./decerptaexpovid00dymogoog_0065.png"; bbox 0 0 1912 3082; ppageno 0'>
   <div class='ocr_carea' id='block_1_1' title="bbox 366 145 617 196">
    <p class='ocr_par' dir='ltr' id='par_1_1' title="bbox 366 145 617 196">
     <span class='ocr_line' id='line_1_1' title="bbox 366 145 617 196; baseline 0.008 -2"><span class='ocrx_word' id='word_1_1' title='bbox 366 145 617 196; x_wconf 71' lang='lat' dir='ltr'><strong>meramnum.</strong></span> 
     </span>
    </p>
   </div>
   <div class='ocr_carea' id='block_1_2' title="bbox 275 317 705 393">
    <p class='ocr_par' dir='ltr' id='par_1_2' title="bbox 275 317 705 393">
     <span class='ocr_line' id='line_1_2' title="bbox 275 317 705 393; baseline -0.005 -18"><span class='ocrx_word' id='word_1_2' title='bbox 275 317 387 393; x_wconf 73' lang='lat' dir='ltr'><strong>Cycnus</strong></span> <span class='ocrx_word' id='word_1_3' title='bbox 398 319 430 374; x_wconf 83' lang='lat' dir='ltr'><strong>in</strong></span> <span class='ocrx_word' id='word_1_4' title='bbox 442 335 529 374; x_wconf 81' lang='lat' dir='ltr'><strong>avem.</strong></span> <span class='ocrx_word' id='word_1_5' title='bbox 570 334 642 374; x_wconf 79' lang='lat' dir='ltr'><strong>rna.</strong></span> <span class='ocrx_word' id='word_1_6' title='bbox 657 334 705 374; x_wconf 82' lang='grc' dir='ltr'><strong>ιιι.</strong></span> 
     </span>
    </p>
   </div>
   <div class='ocr_carea' id='block_1_3' title="bbox 60 474 870 713">
    <p class='ocr_par' dir='ltr' id='par_1_3' title="bbox 60 474 870 713">
     <span class='ocr_line' id='line_1_3' title="bbox 62 474 850 553; baseline -0.005 -17"><span class='ocrx_word' id='word_1_7' title='bbox 62 480 190 536; x_wconf 80' lang='lat' dir='ltr'><strong>Aorurr</strong></span> <span class='ocrx_word' id='word_1_8' title='bbox 202 476 270 534; x_wconf 88' lang='lat' dir='ltr'><strong>huic</strong></span> <span class='ocrx_word' id='word_1_9' title='bbox 283 476 428 535; x_wconf 84' lang='lat' dir='ltr'><strong>monstro¹</strong></span> <span class='ocrx_word' id='word_1_10' title='bbox 441 475 535 553; x_wconf 91' lang='lat' dir='ltr'><strong>proles</strong></span> <span class='ocrx_word' id='word_1_11' title='bbox 551 475 714 534; x_wconf 81' lang='lat' dir='ltr'><strong>Stheneleia</strong></span> <span class='ocrx_word' id='word_1_12' title='bbox 725 474 850 553; x_wconf 83' lang='lat' dir='ltr'>Cycnus,</span> 
     </span>
     <span class='ocr_line' id='line_1_4' title="bbox 61 555 792 634; baseline -0.005 -18"><span class='ocrx_word' id='word_1_13' title='bbox 61 559 118 624; x_wconf 83' lang='lat' dir='ltr'><strong>Qui</strong></span> <span class='ocrx_word' id='word_1_14' title='bbox 133 557 185 617; x_wconf 89' lang='lat' dir='ltr'><strong>tibi</strong></span> <span class='ocrx_word' id='word_1_15' title='bbox 200 567 329 615; x_wconf 84' lang='lat' dir='ltr'><strong>materno</strong></span> <span class='ocrx_word' id='word_1_16' title='bbox 344 557 471 632; x_wconf 73' lang='lat' dir='ltr'><strong>quamvis</strong></span> <span class='ocrx_word' id='word_1_17' title='bbox 485 575 503 613; x_wconf 93' lang='lat' dir='ltr'><strong>a</strong></span> <span class='ocrx_word' id='word_1_18' title='bbox 516 555 654 632; x_wconf 87' lang='lat' dir='ltr'><strong>sanguine</strong></span> <span class='ocrx_word' id='word_1_19' title='bbox 665 559 792 634; x_wconf 87' lang='lat' dir='ltr'><strong>junctus,</strong></span> 
     </span>
     <span class='ocr_line' id='line_1_5' title="bbox 60 632 870 713; baseline -0.005 -17"><span class='ocrx_word' id='word_1_20' title='bbox 60 639 163 696; x_wconf 89' lang='lat' dir='ltr'><strong>Mente</strong></span> <span class='ocrx_word' id='word_1_21' title='bbox 176 648 281 705; x_wconf 87' lang='lat' dir='ltr'><strong>tamen,</strong></span> <span class='ocrx_word' id='word_1_22' title='bbox 297 636 455 704; x_wconf 68' lang='lat' dir='ltr'><strong>Phaethon,</strong></span> <span class='ocrx_word' id='word_1_23' title='bbox 474 636 589 713; x_wconf 89' lang='lat' dir='ltr'>propior</span> <span class='ocrx_word' id='word_1_24' title='bbox 599 633 663 692; x_wconf 87' lang='lat' dir='ltr'><strong>fuit.</strong></span> <span class='ocrx_word' id='word_1_25' title='bbox 694 632 758 704; x_wconf 86' lang='lat' dir='ltr'><strong>Ille,</strong></span> <span class='ocrx_word' id='word_1_26' title='bbox 769 633 870 693; x_wconf 91' lang='lat' dir='ltr'><strong>relicto</strong></span> 
     </span>
    </p>
   </div>
   <div class='ocr_carea' id='block_1_4' title="bbox 58 715 918 2136">
    <p class='ocr_par' dir='ltr' id='par_1_4' title="bbox 60 715 918 872">
     <span class='ocr_line' id='line_1_6' title="bbox 60 715 918 796; baseline -0.006 -22"><span class='ocrx_word' id='word_1_27' title='bbox 60 718 148 796; x_wconf 81' lang='lat' dir='ltr'><strong>(Nam</strong></span> <span class='ocrx_word' id='word_1_28' title='bbox 162 716 300 792; x_wconf 86' lang='lat' dir='ltr'><strong>Ligurum</strong></span> <span class='ocrx_word' id='word_1_29' title='bbox 314 715 435 791; x_wconf 89' lang='lat' dir='ltr'><strong>populos</strong></span> <span class='ocrx_word' id='word_1_30' title='bbox 449 725 478 773; x_wconf 89' lang='lat' dir='ltr'><strong>et</strong></span> <span class='ocrx_word' id='word_1_31' title='bbox 492 733 610 791; x_wconf 87' lang='lat' dir='ltr'><strong>magnas</strong></span> <span class='ocrx_word' id='word_1_32' title='bbox 624 724 736 773; x_wconf 83' lang='lat' dir='ltr'><strong>rexerat</strong></span> <span class='ocrx_word' id='word_1_33' title='bbox 749 715 845 790; x_wconf 85' lang='lat' dir='ltr'><strong>urbes)</strong></span> <span class='ocrx_word' id='word_1_34' title='bbox 860 716 918 770; x_wconf 80' lang='lat'><strong>870</strong></span> 
     </span>
     <span class='ocr_line' id='line_1_7' title="bbox 60 793 715 872; baseline -0.005 -17"><span class='ocrx_word' id='word_1_35' title='bbox 60 796 192 872; x_wconf 84' lang='lat' dir='ltr'><strong>imperio,</strong></span> <span class='ocrx_word' id='word_1_36' title='bbox 206 794 281 871; x_wconf 88' lang='lat' dir='ltr'><strong>ripas</strong></span> <span class='ocrx_word' id='word_1_37' title='bbox 294 794 397 852; x_wconf 87' lang='lat' dir='ltr'><strong>virides</strong></span> <span class='ocrx_word' id='word_1_38' title='bbox 411 812 580 871; x_wconf 90' lang='lat' dir='ltr'><strong>amnemque</strong></span> <span class='ocrx_word' id='word_1_39' title='bbox 593 793 715 870; x_wconf 84' lang='lat' dir='ltr'>querelis</span> 
     </span>
    </p>

    <p class='ocr_par' dir='ltr' id='par_1_5' title="bbox 59 872 857 1191">
     <span class='ocr_line' id='line_1_8' title="bbox 60 872 854 950; baseline -0.001 -18"><span class='ocrx_word' id='word_1_40' title='bbox 60 875 217 932; x_wconf 85' lang='lat' dir='ltr'><strong>Eridanum</strong></span> <span class='ocrx_word' id='word_1_41' title='bbox 231 873 370 950; x_wconf 69' lang='lat' dir='ltr'><strong>implerat,</strong></span> <span class='ocrx_word' id='word_1_42' title='bbox 386 872 540 949; x_wconf 84' lang='lat' dir='ltr'><strong>silvamque</strong></span> <span class='ocrx_word' id='word_1_43' title='bbox 552 874 694 931; x_wconf 90' lang='lat' dir='ltr'><strong>sororibus</strong></span> <span class='ocrx_word' id='word_1_44' title='bbox 706 883 821 931; x_wconf 90' lang='lat' dir='ltr'><strong>auctam</strong></span> <span class='ocrx_word' id='word_1_45' title='bbox 830 876 854 931; x_wconf 80' lang='lat'><strong>²:</strong></span> 
     </span>
     <span class='ocr_line' id='line_1_9' title="bbox 60 952 750 1030; baseline -0.001 -18"><span class='ocrx_word' id='word_1_46' title='bbox 60 955 136 1013; x_wconf 74' lang='lat' dir='ltr'><strong>Cum</strong></span> <span class='ocrx_word' id='word_1_47' title='bbox 146 974 203 1011; x_wconf 85' lang='lat' dir='ltr'><strong>vox</strong></span> <span class='ocrx_word' id='word_1_48' title='bbox 213 964 258 1011; x_wconf 91' lang='lat' dir='ltr'><strong>est</strong></span> <span class='ocrx_word' id='word_1_49' title='bbox 268 963 387 1011; x_wconf 86' lang='lat' dir='ltr'><strong>tenuata</strong></span> <span class='ocrx_word' id='word_1_50' title='bbox 399 953 459 1010; x_wconf 89' lang='lat' dir='ltr'><strong>viro</strong></span> <span class='ocrx_word' id='word_1_51' title='bbox 469 976 477 1020; x_wconf 89' lang='lat'>;</span> <span class='ocrx_word' id='word_1_52' title='bbox 486 970 621 1030; x_wconf 82' lang='lat' dir='ltr'><strong>canaeque</strong></span> <span class='ocrx_word' id='word_1_53' title='bbox 632 952 750 1030; x_wconf 83' lang='lat' dir='ltr'>capillos</span> 
     </span>
     <span class='ocr_line' id='line_1_10' title="bbox 59 1032 857 1110; baseline 0 -18"><span class='ocrx_word' id='word_1_54' title='bbox 59 1033 249 1092; x_wconf 88' lang='lat' dir='ltr'><strong>Dissimulant</strong></span> <span class='ocrx_word' id='word_1_55' title='bbox 262 1033 385 1110; x_wconf 86' lang='lat' dir='ltr'><strong>plumae;</strong></span> <span class='ocrx_word' id='word_1_56' title='bbox 404 1032 566 1110; x_wconf 90' lang='lat' dir='ltr'><strong>collumque</strong></span> <span class='ocrx_word' id='word_1_57' title='bbox 580 1052 598 1090; x_wconf 92' lang='lat' dir='ltr'><strong>a</strong></span> <span class='ocrx_word' id='word_1_58' title='bbox 610 1040 727 1109; x_wconf 88' lang='lat' dir='ltr'>pectore</span> <span class='ocrx_word' id='word_1_59' title='bbox 740 1032 857 1109; x_wconf 90' lang='lat' dir='ltr'><strong>longum</strong></span> 
     </span>
     <span class='ocr_line' id='line_1_11' title="bbox 60 1112 790 1191; baseline 0 -21"><span class='ocrx_word' id='word_1_60' title='bbox 60 1114 225 1190; x_wconf 88' lang='lat' dir='ltr'><strong>Porrigitur,</strong></span> <span class='ocrx_word' id='word_1_61' title='bbox 237 1112 397 1190; x_wconf 87' lang='lat' dir='ltr'><strong>digitosque</strong></span> <span class='ocrx_word' id='word_1_62' title='bbox 411 1113 481 1189; x_wconf 86' lang='lat' dir='ltr'><strong>ligat</strong></span> <span class='ocrx_word' id='word_1_63' title='bbox 490 1115 625 1191; x_wconf 87' lang='lat' dir='ltr'><strong>junctura</strong></span> <span class='ocrx_word' id='word_1_64' title='bbox 633 1113 770 1170; x_wconf 90' lang='lat' dir='ltr'><strong>rubentes</strong></span> <span class='ocrx_word' id='word_1_65' title='bbox 782 1132 790 1170; x_wconf 72' lang='grc' dir='ltr'><strong>ε</strong></span> 
     </span>
    </p>

    <p class='ocr_par' dir='ltr' id='par_1_6' title="bbox 60 1190 864 1428">
     <span class='ocr_line' id='line_1_12' title="bbox 60 1190 864 1260; baseline -0.001 -10"><span class='ocrx_word' id='word_1_66' title='bbox 60 1194 160 1252; x_wconf 88' lang='lat' dir='ltr'><strong>Penna</strong></span> <span class='ocrx_word' id='word_1_67' title='bbox 173 1194 247 1251; x_wconf 87' lang='lat' dir='ltr'><strong>latus</strong></span> <span class='ocrx_word' id='word_1_68' title='bbox 258 1192 359 1260; x_wconf 89' lang='lat' dir='ltr'><strong>vestit;</strong></span> <span class='ocrx_word' id='word_1_69' title='bbox 373 1202 453 1250; x_wconf 87' lang='lat' dir='ltr'><strong>tenet</strong></span> <span class='ocrx_word' id='word_1_70' title='bbox 467 1211 499 1249; x_wconf 90' lang='lat' dir='ltr'><strong>os</strong></span> <span class='ocrx_word' id='word_1_71' title='bbox 512 1191 572 1250; x_wconf 87' lang='lat' dir='ltr'><strong>sine</strong></span> <span class='ocrx_word' id='word_1_72' title='bbox 585 1190 717 1249; x_wconf 84' lang='lat' dir='ltr'><strong>acumine</strong></span> <span class='ocrx_word' id='word_1_73' title='bbox 727 1201 864 1250; x_wconf 89' lang='lat' dir='ltr'><strong>rostrum:</strong></span> 
     </span>
     <span class='ocr_line' id='line_1_13' title="bbox 61 1270 798 1348; baseline 0.001 -19"><span class='ocrx_word' id='word_1_74' title='bbox 61 1272 107 1329; x_wconf 92' lang='lat' dir='ltr'><strong>Fit</strong></span> <span class='ocrx_word' id='word_1_75' title='bbox 120 1291 193 1329; x_wconf 88' lang='lat' dir='ltr'><strong>nova</strong></span> <span class='ocrx_word' id='word_1_76' title='bbox 208 1272 323 1348; x_wconf 89' lang='lat' dir='ltr'><strong>Cycnus</strong></span> <span class='ocrx_word' id='word_1_77' title='bbox 337 1271 413 1328; x_wconf 87' lang='lat' dir='ltr'><strong>avis:</strong></span> <span class='ocrx_word' id='word_1_78' title='bbox 428 1290 481 1329; x_wconf 92' lang='lat' dir='ltr'><strong>nec</strong></span> <span class='ocrx_word' id='word_1_79' title='bbox 492 1290 523 1329; x_wconf 89' lang='lat' dir='ltr'><strong>se</strong></span> <span class='ocrx_word' id='word_1_80' title='bbox 537 1270 666 1348; x_wconf 89' lang='lat' dir='ltr'><strong>coeloque</strong></span> <span class='ocrx_word' id='word_1_81' title='bbox 676 1270 798 1348; x_wconf 88' lang='lat' dir='ltr'><strong>Jovique</strong></span> 
     </span>
     <span class='ocr_line' id='line_1_14' title="bbox 60 1349 776 1428; baseline -0.001 -19"><span class='ocrx_word' id='word_1_82' title='bbox 60 1351 166 1420; x_wconf 85' lang='lat' dir='ltr'><strong>Credit,</strong></span> <span class='ocrx_word' id='word_1_83' title='bbox 182 1361 215 1406; x_wconf 93' lang='lat' dir='ltr'><strong>ut</strong></span> <span class='ocrx_word' id='word_1_84' title='bbox 228 1350 333 1427; x_wconf 76' lang='lat' dir='ltr'><strong>injuste</strong></span> <span class='ocrx_word' id='word_1_85' title='bbox 346 1349 425 1407; x_wconf 85' lang='lat' dir='ltr'><strong>missi</strong></span> <span class='ocrx_word' id='word_1_86' title='bbox 444 1370 553 1408; x_wconf 92' lang='lat' dir='ltr'><strong>memor</strong></span> <span class='ocrx_word' id='word_1_87' title='bbox 566 1351 638 1428; x_wconf 85' lang='lat' dir='ltr'><strong>ignis</strong></span> <span class='ocrx_word' id='word_1_88' title='bbox 649 1354 686 1410; x_wconf 86' lang='lat' dir='ltr'><strong>ab</strong></span> <span class='ocrx_word' id='word_1_89' title='bbox 698 1350 746 1408; x_wconf 90' lang='lat' dir='ltr'><strong>illo</strong></span> <span class='ocrx_word' id='word_1_90' title='bbox 756 1355 776 1421; x_wconf 79' lang='lat'><strong>³,</strong></span> 
     </span>
    </p>

    <p class='ocr_par' dir='ltr' id='par_1_7' title="bbox 61 1428 917 1667">
     <span class='ocr_line' id='line_1_15' title="bbox 61 1428 857 1508; baseline 0.003 -21"><span class='ocrx_word' id='word_1_91' title='bbox 61 1429 169 1506; x_wconf 84' lang='lat' dir='ltr'><strong>Stagna</strong></span> <span class='ocrx_word' id='word_1_92' title='bbox 181 1428 263 1504; x_wconf 89' lang='lat' dir='ltr'><strong>petit,</strong></span> <span class='ocrx_word' id='word_1_93' title='bbox 277 1429 446 1506; x_wconf 89' lang='lat' dir='ltr'><strong>patulosque</strong></span> <span class='ocrx_word' id='word_1_94' title='bbox 460 1429 556 1498; x_wconf 90' lang='lat' dir='ltr'><strong>lacus;</strong></span> <span class='ocrx_word' id='word_1_95' title='bbox 570 1430 721 1508; x_wconf 88' lang='lat' dir='ltr'><strong>ignemque</strong></span> <span class='ocrx_word' id='word_1_96' title='bbox 731 1448 857 1506; x_wconf 84' lang='lat' dir='ltr'><strong>perosus,</strong></span> 
     </span>
     <span class='ocr_line' id='line_1_16' title="bbox 61 1507 917 1584; baseline 0.001 -18"><span class='ocrx_word' id='word_1_97' title='bbox 61 1511 132 1574; x_wconf 83' lang='lat' dir='ltr'><strong>Quae</strong></span> <span class='ocrx_word' id='word_1_98' title='bbox 147 1509 231 1577; x_wconf 89' lang='lat' dir='ltr'><strong>colat,</strong></span> <span class='ocrx_word' id='word_1_99' title='bbox 244 1507 331 1584; x_wconf 90' lang='lat' dir='ltr'><strong>elegit</strong></span> <span class='ocrx_word' id='word_1_100' title='bbox 345 1508 485 1566; x_wconf 87' lang='lat' dir='ltr'><strong>contraria</strong></span> <span class='ocrx_word' id='word_1_101' title='bbox 498 1509 615 1566; x_wconf 89' lang='lat' dir='ltr'><strong>flumina</strong></span> <span class='ocrx_word' id='word_1_102' title='bbox 627 1510 756 1568; x_wconf 87' lang='lat' dir='ltr'><strong>flammis.</strong></span> <span class='ocrx_word' id='word_1_103' title='bbox 858 1513 917 1568; x_wconf 80' lang='lat'><strong>380</strong></span> 
     </span>
     <span class='ocr_line' id='line_1_17' title="bbox 100 1587 871 1667; baseline 0.004 -22"><span class='ocrx_word' id='word_1_104' title='bbox 100 1587 251 1664; x_wconf 83' lang='lat' dir='ltr'><strong>Squalidus</strong></span> <span class='ocrx_word' id='word_1_105' title='bbox 266 1587 375 1645; x_wconf 85' lang='lat' dir='ltr'><strong>interea</strong></span> <span class='ocrx_word' id='word_1_106' title='bbox 388 1587 500 1664; x_wconf 90' lang='lat' dir='ltr'><strong>genitor</strong></span> <span class='ocrx_word' id='word_1_107' title='bbox 514 1588 709 1659; x_wconf 75' lang='lat' dir='ltr'><strong>Phaethontis,</strong></span> <span class='ocrx_word' id='word_1_108' title='bbox 724 1599 754 1648; x_wconf 84' lang='lat' dir='ltr'><strong>et</strong></span> <span class='ocrx_word' id='word_1_109' title='bbox 767 1608 871 1667; x_wconf 86' lang='lat' dir='ltr'><strong>expers</strong></span> 
     </span>
    </p>

    <p class='ocr_par' dir='ltr' id='par_1_8' title="bbox 60 1666 761 1744">
     <span class='ocr_line' id='line_1_18' title="bbox 60 1666 761 1744; baseline 0 -20"><span class='ocrx_word' id='word_1_110' title='bbox 60 1667 125 1743; x_wconf 88' lang='lat' dir='ltr'><strong>lpse</strong></span> <span class='ocrx_word' id='word_1_111' title='bbox 139 1667 182 1725; x_wconf 90' lang='lat' dir='ltr'><strong>sui</strong></span> <span class='ocrx_word' id='word_1_112' title='bbox 195 1666 314 1737; x_wconf 90' lang='lat' dir='ltr'><strong>decoris,</strong></span> <span class='ocrx_word' id='word_1_113' title='bbox 325 1666 424 1744; x_wconf 88' lang='lat' dir='ltr'><strong>qualis,</strong></span> <span class='ocrx_word' id='word_1_114' title='bbox 437 1667 504 1725; x_wconf 82' lang='lat' dir='ltr'><strong>edm</strong></span> <span class='ocrx_word' id='word_1_115' title='bbox 519 1666 616 1725; x_wconf 87' lang='lat' dir='ltr'><strong>deficit</strong></span> <span class='ocrx_word' id='word_1_116' title='bbox 630 1670 729 1726; x_wconf 91' lang='lat' dir='ltr'><strong>orbem</strong></span> <span class='ocrx_word' id='word_1_117' title='bbox 739 1672 761 1737; x_wconf 85' lang='lat'><strong>⁴,</strong></span> 
     </span>
    </p>

    <p class='ocr_par' dir='ltr' id='par_1_9' title="bbox 58 1746 868 2136">
     <span class='ocr_line' id='line_1_19' title="bbox 60 1746 834 1825; baseline 0.004 -22"><span class='ocrx_word' id='word_1_118' title='bbox 60 1746 131 1805; x_wconf 89' lang='lat' dir='ltr'><strong>Esse</strong></span> <span class='ocrx_word' id='word_1_119' title='bbox 146 1748 236 1811; x_wconf 75' lang='lat' dir='ltr'><strong>solet:</strong></span> <span class='ocrx_word' id='word_1_120' title='bbox 249 1747 400 1824; x_wconf 88' lang='lat' dir='ltr'><strong>lucemque</strong></span> <span class='ocrx_word' id='word_1_121' title='bbox 418 1748 487 1818; x_wconf 84' lang='lat' dir='ltr'><strong>odit,</strong></span> <span class='ocrx_word' id='word_1_122' title='bbox 503 1767 589 1825; x_wconf 88' lang='lat' dir='ltr'><strong>seque</strong></span> <span class='ocrx_word' id='word_1_123' title='bbox 600 1747 669 1824; x_wconf 90' lang='lat' dir='ltr'><strong>ipse,</strong></span> <span class='ocrx_word' id='word_1_124' title='bbox 685 1747 834 1825; x_wconf 85' lang='lat' dir='ltr'><strong>diemque;</strong></span> 
     </span>
     <span class='ocr_line' id='line_1_20' title="bbox 59 1826 868 1904; baseline 0.004 -21"><span class='ocrx_word' id='word_1_125' title='bbox 59 1827 175 1904; x_wconf 81' lang='lat' dir='ltr'><strong>Datque</strong></span> <span class='ocrx_word' id='word_1_126' title='bbox 189 1826 314 1885; x_wconf 89' lang='lat' dir='ltr'><strong>animum</strong></span> <span class='ocrx_word' id='word_1_127' title='bbox 328 1828 357 1883; x_wconf 94' lang='lat' dir='ltr'><strong>in</strong></span> <span class='ocrx_word' id='word_1_128' title='bbox 370 1827 472 1897; x_wconf 90' lang='lat' dir='ltr'><strong>luctus,</strong></span> <span class='ocrx_word' id='word_1_129' title='bbox 488 1839 518 1887; x_wconf 89' lang='lat' dir='ltr'><strong>et</strong></span> <span class='ocrx_word' id='word_1_130' title='bbox 528 1827 653 1885; x_wconf 91' lang='lat' dir='ltr'><strong>luctibus</strong></span> <span class='ocrx_word' id='word_1_131' title='bbox 666 1827 765 1904; x_wconf 89' lang='lat' dir='ltr'><strong>adjicit</strong></span> <span class='ocrx_word' id='word_1_132' title='bbox 778 1827 868 1898; x_wconf 84' lang='lat' dir='ltr'><strong>iram;</strong></span> 
     </span>
     <span class='ocr_line' id='line_1_21' title="bbox 60 1906 837 1984; baseline 0 -21"><span class='ocrx_word' id='word_1_133' title='bbox 60 1906 249 1983; x_wconf 91' lang='lat' dir='ltr'><strong>Officiumque</strong></span> <span class='ocrx_word' id='word_1_134' title='bbox 263 1917 349 1984; x_wconf 88' lang='lat' dir='ltr'><strong>negat</strong></span> <span class='ocrx_word' id='word_1_135' title='bbox 361 1907 477 1965; x_wconf 90' lang='lat' dir='ltr'><strong>mundo.</strong></span> <span class='ocrx_word' id='word_1_136' title='bbox 520 1907 602 1977; x_wconf 85' lang='lat' dir='ltr'><strong>Satis,</strong></span> <span class='ocrx_word' id='word_1_137' title='bbox 615 1906 716 1983; x_wconf 87' lang='lat' dir='ltr'><strong>inquit,</strong></span> <span class='ocrx_word' id='word_1_138' title='bbox 734 1908 771 1965; x_wconf 89' lang='lat' dir='ltr'><strong>ab</strong></span> <span class='ocrx_word' id='word_1_139' title='bbox 785 1908 837 1964; x_wconf 83' lang='lat' dir='ltr'><strong>aeri</strong></span> 
     </span>
     <span class='ocr_line' id='line_1_22' title="bbox 58 1984 762 2064; baseline 0.003 -22"><span class='ocrx_word' id='word_1_140' title='bbox 58 1984 125 2042; x_wconf 89' lang='lat' dir='ltr'><strong>Sors</strong></span> <span class='ocrx_word' id='word_1_141' title='bbox 138 2005 203 2044; x_wconf 89' lang='lat' dir='ltr'><strong>mea</strong></span> <span class='ocrx_word' id='word_1_142' title='bbox 216 1985 359 2063; x_wconf 90' lang='lat' dir='ltr'><strong>principiis</strong></span> <span class='ocrx_word' id='word_1_143' title='bbox 372 1985 426 2044; x_wconf 86' lang='lat' dir='ltr'><strong>fuit</strong></span> <span class='ocrx_word' id='word_1_144' title='bbox 440 1986 607 2063; x_wconf 76' lang='lat' dir='ltr'><strong>irrequieta3</strong></span> <span class='ocrx_word' id='word_1_145' title='bbox 626 1987 762 2064; x_wconf 87' lang='lat' dir='ltr'><strong>pigetque</strong></span> 
     </span>
     <span class='ocr_line' id='line_1_23' title="bbox 58 2064 803 2136; baseline 0.005 -16"><span class='ocrx_word' id='word_1_146' title='bbox 58 2065 198 2122; x_wconf 90' lang='lat' dir='ltr'><strong>Actorum</strong></span> <span class='ocrx_word' id='word_1_147' title='bbox 213 2064 273 2122; x_wconf 88' lang='lat' dir='ltr'><strong>sine</strong></span> <span class='ocrx_word' id='word_1_148' title='bbox 285 2064 341 2122; x_wconf 91' lang='lat' dir='ltr'><strong>fine</strong></span> <span class='ocrx_word' id='word_1_149' title='bbox 354 2064 430 2136; x_wconf 91' lang='lat' dir='ltr'><strong>mihi,</strong></span> <span class='ocrx_word' id='word_1_150' title='bbox 445 2065 631 2134; x_wconf 82' lang='lat' dir='ltr'><strong>sinehonore,</strong></span> <span class='ocrx_word' id='word_1_151' title='bbox 644 2066 774 2125; x_wconf 87' lang='lat' dir='ltr'><strong>laborum</strong></span> <span class='ocrx_word' id='word_1_152' title='bbox 783 2069 803 2124; x_wconf 83' lang='lat'><strong>¹.</strong></span> 
     </span>
    </p>
   </div>
   <div class='ocr_carea' id='block_1_5' title="bbox 54 2221 948 2730">
    <p class='ocr_par' dir='ltr' id='par_1_10' title="bbox 54 2221 948 2730">
     <span class='ocr_line' id='line_1_24' title="bbox 88 2221 914 2289; baseline 0.005 -20"><span class='ocrx_word' id='word_1_153' title='bbox 88 2221 95 2250; x_wconf 87' lang='lat'>¹</span> <span class='ocrx_word' id='word_1_154' title='bbox 107 2224 172 2270; x_wconf 82' lang='lat' dir='ltr'><strong>Huic</strong></span> <span class='ocrx_word' id='word_1_155' title='bbox 183 2230 288 2277; x_wconf 81' lang='lat' dir='ltr'><strong>monstro,</strong></span> <span class='ocrx_word' id='word_1_156' title='bbox 309 2230 333 2269; x_wconf 86' lang='lat' dir='ltr'><strong>to</strong></span> <span class='ocrx_word' id='word_1_157' title='bbox 344 2221 391 2269; x_wconf 88' lang='lat' dir='ltr'><strong>this</strong></span> <span class='ocrx_word' id='word_1_158' title='bbox 402 2223 516 2287; x_wconf 85' lang='lat' dir='ltr'><strong>prodigy;</strong></span> <span class='ocrx_word' id='word_1_159' title='bbox 533 2225 579 2272; x_wconf 89' lang='lat' dir='ltr'><strong>this</strong></span> <span class='ocrx_word' id='word_1_160' title='bbox 590 2225 733 2272; x_wconf 83' lang='lat' dir='ltr'><strong>miraculous</strong></span> <span class='ocrx_word' id='word_1_161' title='bbox 742 2227 851 2289; x_wconf 83' lang='lat' dir='ltr'><strong>change;</strong></span> <span class='ocrx_word' id='word_1_162' title='bbox 871 2228 914 2274; x_wconf 74' lang='lat' dir='ltr'><strong>vis.</strong></span> 
     </span>
     <span class='ocr_line' id='line_1_25' title="bbox 55 2285 916 2349; baseline 0.006 -18"><span class='ocrx_word' id='word_1_163' title='bbox 55 2286 95 2331; x_wconf 83' lang='lat' dir='ltr'><strong>the</strong></span> <span class='ocrx_word' id='word_1_164' title='bbox 102 2285 291 2332; x_wconf 83' lang='lat' dir='ltr'><strong>transformation</strong></span> <span class='ocrx_word' id='word_1_165' title='bbox 303 2286 331 2332; x_wconf 86' lang='lat' dir='ltr'><strong>oi</strong></span> <span class='ocrx_word' id='word_1_166' title='bbox 340 2287 475 2336; x_wconf 67' lang='lat' dir='ltr'><strong>Piaithon&#39;s</strong></span> <span class='ocrx_word' id='word_1_167' title='bbox 483 2288 561 2335; x_wconf 79' lang='lat' dir='ltr'><strong>sistens</strong></span> <span class='ocrx_word' id='word_1_168' title='bbox 570 2288 622 2336; x_wconf 89' lang='lat' dir='ltr'><strong>into</strong></span> <span class='ocrx_word' id='word_1_169' title='bbox 629 2289 788 2349; x_wconf 75' lang='lat' dir='ltr'><strong>popliir-trees.</strong></span> <span class='ocrx_word' id='word_1_170' title='bbox 799 2289 848 2337; x_wconf 70' lang='lat' dir='ltr'><strong>sod</strong></span> <span class='ocrx_word' id='word_1_171' title='bbox 855 2289 916 2336; x_wconf 82' lang='lat' dir='ltr'><strong>their</strong></span> 
     </span>
     <span class='ocr_line' id='line_1_26' title="bbox 55 2348 915 2411; baseline 0.007 -18"><span class='ocrx_word' id='word_1_172' title='bbox 55 2358 116 2393; x_wconf 82' lang='lat' dir='ltr'><strong>tears</strong></span> <span class='ocrx_word' id='word_1_173' title='bbox 127 2348 178 2394; x_wconf 87' lang='lat' dir='ltr'><strong>into</strong></span> <span class='ocrx_word' id='word_1_174' title='bbox 189 2349 275 2394; x_wconf 78' lang='lat' dir='ltr'><strong>umber.</strong></span> <span class='ocrx_word' id='word_1_175' title='bbox 311 2350 321 2378; x_wconf 88' lang='lat'><strong>¹</strong></span> <span class='ocrx_word' id='word_1_176' title='bbox 332 2353 461 2411; x_wconf 79' lang='lat' dir='ltr'><strong>Siluamqae</strong></span> <span class='ocrx_word' id='word_1_177' title='bbox 468 2362 559 2400; x_wconf 82' lang='lat' dir='ltr'><strong>auctam</strong></span> <span class='ocrx_word' id='word_1_178' title='bbox 568 2354 690 2406; x_wconf 69' lang='lat' dir='ltr'><strong>amoribus,</strong></span> <span class='ocrx_word' id='word_1_179' title='bbox 700 2352 748 2400; x_wconf 84' lang='lat' dir='ltr'><strong>and</strong></span> <span class='ocrx_word' id='word_1_180' title='bbox 756 2353 796 2400; x_wconf 84' lang='lat' dir='ltr'><strong>the</strong></span> <span class='ocrx_word' id='word_1_181' title='bbox 803 2352 915 2401; x_wconf 79' lang='lat' dir='ltr'><strong>woodtn-</strong></span> 
     </span>
     <span class='ocr_line' id='line_1_27' title="bbox 55 2411 948 2476; baseline 0.009 -20"><span class='ocrx_word' id='word_1_182' title='bbox 55 2411 150 2457; x_wconf 86' lang='lat' dir='ltr'><strong>creased</strong></span> <span class='ocrx_word' id='word_1_183' title='bbox 165 2413 196 2471; x_wconf 82' lang='lat' dir='ltr'><strong>by</strong></span> <span class='ocrx_word' id='word_1_184' title='bbox 207 2413 247 2457; x_wconf 86' lang='lat' dir='ltr'><strong>the</strong></span> <span class='ocrx_word' id='word_1_185' title='bbox 257 2411 342 2468; x_wconf 79' lang='lat' dir='ltr'><strong>sistens,</strong></span> <span class='ocrx_word' id='word_1_186' title='bbox 358 2416 374 2462; x_wconf 88' lang='lat' dir='ltr'><strong>i.</strong></span> <span class='ocrx_word' id='word_1_187' title='bbox 385 2430 404 2461; x_wconf 82' lang='lat' dir='ltr'><strong>e.</strong></span> <span class='ocrx_word' id='word_1_188' title='bbox 416 2417 456 2460; x_wconf 85' lang='lat' dir='ltr'><strong>the</strong></span> <span class='ocrx_word' id='word_1_189' title='bbox 472 2415 541 2462; x_wconf 88' lang='lat' dir='ltr'><strong>wood</strong></span> <span class='ocrx_word' id='word_1_190' title='bbox 557 2415 677 2462; x_wconf 83' lang='lat' dir='ltr'><strong>increased</strong></span> <span class='ocrx_word' id='word_1_191' title='bbox 693 2417 725 2476; x_wconf 83' lang='lat' dir='ltr'><strong>by</strong></span> <span class='ocrx_word' id='word_1_192' title='bbox 735 2417 776 2464; x_wconf 81' lang='lat' dir='ltr'><strong>the</strong></span> <span class='ocrx_word' id='word_1_193' title='bbox 792 2415 873 2464; x_wconf 72' lang='lat' dir='ltr'><strong>sistere</strong></span> <span class='ocrx_word' id='word_1_194' title='bbox 888 2416 919 2464; x_wconf 84' lang='lat' dir='ltr'><strong>oi&#39;</strong></span> <span class='ocrx_word' id='word_1_195' title='bbox 945 2432 948 2439; x_wconf 94' lang='lat'>·</span> 
     </span>
     <span class='ocr_line' id='line_1_28' title="bbox 58 2473 914 2540; baseline 0.011 -20"><span class='ocrx_word' id='word_1_196' title='bbox 58 2473 182 2521; x_wconf 71' lang='lat' dir='ltr'><strong>Phaethon</strong></span> <span class='ocrx_word' id='word_1_197' title='bbox 192 2475 318 2536; x_wconf 84' lang='lat' dir='ltr'><strong>becoming</strong></span> <span class='ocrx_word' id='word_1_198' title='bbox 328 2485 395 2524; x_wconf 87' lang='lat' dir='ltr'><strong>troes.</strong></span> <span class='ocrx_word' id='word_1_199' title='bbox 426 2477 436 2504; x_wconf 88' lang='lat'><strong>¹</strong></span> <span class='ocrx_word' id='word_1_200' title='bbox 452 2480 483 2526; x_wconf 77' lang='lat' dir='ltr'><strong>Ue</strong></span> <span class='ocrx_word' id='word_1_201' title='bbox 498 2494 582 2526; x_wconf 80' lang='lat' dir='ltr'><strong>aremor-</strong></span> <span class='ocrx_word' id='word_1_202' title='bbox 592 2481 652 2540; x_wconf 78' lang='lat' dir='ltr'><strong>ignia</strong></span> <span class='ocrx_word' id='word_1_203' title='bbox 663 2476 747 2540; x_wconf 57' lang='lat' dir='ltr'><strong>injusti</strong></span> <span class='ocrx_word' id='word_1_204' title='bbox 757 2482 820 2528; x_wconf 63' lang='lat' dir='ltr'><strong>miso</strong></span> <span class='ocrx_word' id='word_1_205' title='bbox 829 2481 859 2528; x_wconf 81' lang='lat' dir='ltr'><strong>ab</strong></span> <span class='ocrx_word' id='word_1_206' title='bbox 869 2482 914 2533; x_wconf 83' lang='lat' dir='ltr'><strong>illo.</strong></span> 
     </span>
     <span class='ocr_line' id='line_1_29' title="bbox 54 2537 915 2607; baseline 0.009 -24"><span class='ocrx_word' id='word_1_207' title='bbox 54 2540 71 2584; x_wconf 75' lang='grc' dir='ltr'><strong>ι’.</strong></span> <span class='ocrx_word' id='word_1_208' title='bbox 82 2553 101 2586; x_wconf 86' lang='lat' dir='ltr'><strong>e.</strong></span> <span class='ocrx_word' id='word_1_209' title='bbox 113 2540 189 2586; x_wconf 66' lang='lat' dir='ltr'><strong>odrae</strong></span> <span class='ocrx_word' id='word_1_210' title='bbox 201 2539 236 2602; x_wconf 95' lang='lat' dir='ltr'><strong>(in</strong></span> <span class='ocrx_word' id='word_1_211' title='bbox 247 2537 415 2597; x_wconf 68' lang='lat' dir='ltr'><strong>Phaethonta),</strong></span> <span class='ocrx_word' id='word_1_212' title='bbox 427 2539 453 2586; x_wconf 89' lang='lat' dir='ltr'><strong>in</strong></span> <span class='ocrx_word' id='word_1_213' title='bbox 464 2556 626 2603; x_wconf 82' lang='lat' dir='ltr'><strong>consequence</strong></span> <span class='ocrx_word' id='word_1_214' title='bbox 636 2541 665 2588; x_wconf 78' lang='lat' dir='ltr'><strong>oi</strong></span> <span class='ocrx_word' id='word_1_215' title='bbox 679 2541 716 2588; x_wconf 89' lang='lat' dir='ltr'><strong>his</strong></span> <span class='ocrx_word' id='word_1_216' title='bbox 726 2544 799 2607; x_wconf 83' lang='lat' dir='ltr'><strong>being</strong></span> <span class='ocrx_word' id='word_1_217' title='bbox 810 2542 915 2591; x_wconf 81' lang='lat' dir='ltr'><strong>mindi&#39;ui</strong></span> 
     </span>
     <span class='ocr_line' id='line_1_30' title="bbox 54 2600 913 2668; baseline 0.008 -22"><span class='ocrx_word' id='word_1_218' title='bbox 54 2600 127 2647; x_wconf 77' lang='lat' dir='ltr'><strong>oithc</strong></span> <span class='ocrx_word' id='word_1_219' title='bbox 140 2600 181 2648; x_wconf 85' lang='lat' dir='ltr'><strong>iire</strong></span> <span class='ocrx_word' id='word_1_220' title='bbox 192 2601 298 2664; x_wconf 84' lang='lat' dir='ltr'><strong>unjustiy</strong></span> <span class='ocrx_word' id='word_1_221' title='bbox 307 2604 399 2649; x_wconf 83' lang='lat' dir='ltr'><strong>thrown</strong></span> <span class='ocrx_word' id='word_1_222' title='bbox 409 2606 441 2664; x_wconf 86' lang='lat' dir='ltr'><strong>by</strong></span> <span class='ocrx_word' id='word_1_223' title='bbox 448 2603 499 2650; x_wconf 89' lang='lat' dir='ltr'><strong>him</strong></span> <span class='ocrx_word' id='word_1_224' title='bbox 511 2601 629 2668; x_wconf 82' lang='lat' dir='ltr'><strong>(Jupiter)</strong></span> <span class='ocrx_word' id='word_1_225' title='bbox 636 2613 661 2653; x_wconf 78' lang='lat' dir='ltr'><strong>at</strong></span> <span class='ocrx_word' id='word_1_226' title='bbox 671 2608 798 2654; x_wconf 66' lang='lat' dir='ltr'><strong>Phaithon.</strong></span> <span class='ocrx_word' id='word_1_227' title='bbox 833 2606 844 2636; x_wconf 72' lang='lat'>⁸</span> <span class='ocrx_word' id='word_1_228' title='bbox 855 2607 913 2655; x_wconf 69' lang='lat' dir='ltr'><strong>can</strong></span> 
     </span>
     <span class='ocr_line' id='line_1_31' title="bbox 57 2662 914 2730; baseline 0.009 -21"><span class='ocrx_word' id='word_1_229' title='bbox 57 2662 185 2727; x_wconf 82' lang='lat' dir='ltr'><strong>(Phoebus)</strong></span> <span class='ocrx_word' id='word_1_230' title='bbox 197 2668 273 2730; x_wconf 67' lang='lat' dir='ltr'><strong>officit</strong></span> <span class='ocrx_word' id='word_1_231' title='bbox 285 2668 365 2720; x_wconf 82' lang='lat' dir='ltr'><strong>orbem,</strong></span> <span class='ocrx_word' id='word_1_232' title='bbox 385 2667 454 2712; x_wconf 87' lang='lat' dir='ltr'><strong>when</strong></span> <span class='ocrx_word' id='word_1_233' title='bbox 464 2671 501 2715; x_wconf 79' lang='lat' dir='ltr'><strong>the</strong></span> <span class='ocrx_word' id='word_1_234' title='bbox 511 2684 555 2715; x_wconf 80' lang='lat' dir='ltr'><strong>ran</strong></span> <span class='ocrx_word' id='word_1_235' title='bbox 567 2667 620 2714; x_wconf 81' lang='lat' dir='ltr'><strong>fails</strong></span> <span class='ocrx_word' id='word_1_236' title='bbox 630 2669 667 2714; x_wconf 83' lang='lat' dir='ltr'><strong>his</strong></span> <span class='ocrx_word' id='word_1_237' title='bbox 678 2670 727 2724; x_wconf 82' lang='lat' dir='ltr'><strong>orb.</strong></span> <span class='ocrx_word' id='word_1_238' title='bbox 745 2672 760 2718; x_wconf 89' lang='lat' dir='ltr'><strong>i.</strong></span> <span class='ocrx_word' id='word_1_239' title='bbox 769 2686 788 2717; x_wconf 82' lang='lat' dir='ltr'><strong>e.</strong></span> <span class='ocrx_word' id='word_1_240' title='bbox 800 2671 869 2717; x_wconf 80' lang='lat' dir='ltr'><strong>when</strong></span> <span class='ocrx_word' id='word_1_241' title='bbox 876 2669 914 2717; x_wconf 81' lang='lat' dir='ltr'><strong>hh</strong></span> 
     </span>
    </p>
   </div>
   <div class='ocr_carea' id='block_1_6' title="bbox 39 2727 913 2849">
    <p class='ocr_par' dir='ltr' id='par_1_11' title="bbox 39 2727 913 2849">
     <span class='ocr_line' id='line_1_32' title="bbox 52 2727 913 2795; baseline 0.016 -26"><span class='ocrx_word' id='word_1_242' title='bbox 52 2729 96 2770; x_wconf 72' lang='lat' dir='ltr'><strong>orl»</strong></span> <span class='ocrx_word' id='word_1_243' title='bbox 105 2727 127 2772; x_wconf 87' lang='lat' dir='ltr'><strong>is</strong></span> <span class='ocrx_word' id='word_1_244' title='bbox 138 2728 249 2788; x_wconf 79' lang='lat' dir='ltr'><strong>eclipsod.</strong></span> <span class='ocrx_word' id='word_1_245' title='bbox 281 2729 291 2758; x_wconf 73' lang='lat'><em>⁹</em></span> <span class='ocrx_word' id='word_1_246' title='bbox 304 2728 371 2777; x_wconf 90' lang='lat' dir='ltr'><strong>Ordo</strong></span> <span class='ocrx_word' id='word_1_247' title='bbox 381 2738 432 2789; x_wconf 87' lang='lat' dir='ltr'><strong>est;</strong></span> <span class='ocrx_word' id='word_1_248' title='bbox 454 2733 564 2794; x_wconf 81' lang='lat' dir='ltr'><strong>Pigetque</strong></span> <span class='ocrx_word' id='word_1_249' title='bbox 575 2728 636 2795; x_wconf 82' lang='lat' dir='ltr'><strong>(me)</strong></span> <span class='ocrx_word' id='word_1_250' title='bbox 647 2733 749 2780; x_wconf 73' lang='lat' dir='ltr'><strong>laborum</strong></span> <span class='ocrx_word' id='word_1_251' title='bbox 758 2741 861 2782; x_wconf 81' lang='lat' dir='ltr'><strong>actarum</strong></span> <span class='ocrx_word' id='word_1_252' title='bbox 870 2735 913 2783; x_wconf 77' lang='lat' dir='ltr'><strong>aii·</strong></span> 
     </span>
     <span class='ocr_line' id='line_1_33' title="bbox 39 2786 192 2849; baseline 0.052 -21"><span class='ocrx_word' id='word_1_253' title='bbox 39 2786 192 2849; x_wconf 69' lang='lat' dir='ltr'><strong>lae&#39;stiteffire.</strong></span> 
     </span>
    </p>
   </div>
   <div class='ocr_carea' id='block_1_7' title="bbox 0 0 960 3082">
    <p class='ocr_par' dir='ltr' id='par_1_12' title="bbox 0 0 960 3082">
     <span class='ocr_line' id='line_1_34' title="bbox 0 0 960 3082; baseline 0 0"><span class='ocrx_word' id='word_1_254' title='bbox 0 0 960 3082; x_wconf 95' lang='lat' dir='ltr'><strong> </strong></span> 
     </span>
    </p>
   </div>
   <div class='ocr_carea' id='block_1_8' title="bbox 63 3014 229 3046">
    <p class='ocr_par' dir='ltr' id='par_1_13' title="bbox 63 3014 229 3046">
     <span class='ocr_line' id='line_1_35' title="bbox 63 3014 229 3046; baseline 0.006 -1"><span class='ocrx_word' id='word_1_255' title='bbox 63 3014 107 3045; x_wconf 61' lang='lat' dir='ltr'><em>f</em></span> <span class='ocrx_word' id='word_1_256' title='bbox 207 3022 229 3046; x_wconf 67' lang='grc' dir='ltr'>ι</span> 
     </span>
    </p>
   </div>
  </div>
 </body>
</html>
