1912 3082
66 150 106 205 58
360 150 612 201 METAMORPH·

67 288 153 365 Spem
168 288 227 346 sine
242 307 358 364 corpore
371 299 467 347 amat:
480 307 584 365 corpus
596 297 679 364 putat
687 305 758 357 esse,
768 287 847 364 quod
857 308 920 347 um·

65 367 212 444 Adstupet
224 367 285 444 ipse
299 367 362 437 sibi,
370 368 507 443 vultuque
521 367 656 425 immotus
663 367 765 425 eodem
784 368 855 441 [bra
866 377 921 426 est

66 445 166 503 Haeret
173 447 191 515 ¹,
206 456 239 504 ut
252 466 269 504 e
283 447 365 504 Pario
379 447 532 505 formatum
545 465 684 504 marmore
697 445 820 522 signum.

67 523 185 600 Spectat
198 526 277 583 humi
290 527 399 603 positus
412 526 565 602 geminum,
580 545 632 584 sua
644 525 760 594 lumina,
774 524 860 594 sidus,
906 574 909 579 .

66 601 106 660 Et
119 604 220 680 dignos
234 605 357 672 Baccho,
372 605 473 680 dignos
486 615 517 662 et
532 604 666 681 Apolline
679 603 781 675 crines,
860 606 917 662 421

65 681 277 759 Impubesque2
290 703 387 758 genas,
403 694 432 742 et
446 685 573 741 eburnea
585 683 668 753 colla,
682 684 826 761 decusque

65 761 139 829 Oris,
154 762 226 820 etin
240 762 322 819 niveo
336 762 452 819 mistum
465 762 588 820 candore
600 764 751 829 ruborem

66 841 235 916 Cunctaque
248 840 373 908 miratur,
387 840 490 916 quibus
504 851 548 898 est
561 840 713 908 mirabilis;
732 840 795 916 ipse

66 919 104 983 Se
118 919 198 995 cupit
211 919 382 995 imprudens,
398 930 436 988 et,
450 919 499 995 qui
511 921 623 995 probat,
638 919 698 995 ipse
711 920 858 995 probatur.

64 998 200 1074 Dumque
213 998 294 1075 petit,
308 998 431 1073 petitur;
450 998 608 1074 pariterque
621 997 757 1067 incendit,
771 1007 802 1055 et
814 998 905 1057 ardet.

63 1076 146 1135 Irrita
159 1077 253 1135 fallaci
267 1077 377 1153 quoties
388 1077 467 1134 dedit
480 1077 579 1134 oscula
591 1075 681 1136 fonti!

63 1154 98 1212 In
112 1156 220 1213 medias
234 1155 353 1232 quoties,
367 1156 458 1213 visum
472 1155 616 1232 captantia
629 1155 744 1224 collum,

64 1234 185 1291 Brachia
198 1234 295 1291 mersit
308 1253 412 1310 aquas;
432 1253 486 1291 nec
497 1254 528 1291 se
541 1233 690 1310 deprendit
703 1233 732 1291 in
746 1231 820 1293 illie!

64 1312 141 1376 Quid
154 1312 257 1380 videat,
272 1313 380 1379 nescit;
400 1314 459 1380 sed,
474 1312 550 1388 quod
563 1313 649 1382 videt,
664 1312 755 1370 uritur
767 1312 834 1370 illo:
858 1313 918 1371 480

64 1391 161 1466 Atque
175 1390 274 1447 oculos
287 1390 372 1456 idem,
388 1391 435 1466 qui
449 1391 564 1467 decipit,
578 1391 679 1449 incitat
692 1410 777 1449 error.

64 1469 195 1536 Credula,
210 1468 279 1544 quid
287 1468 391 1526 frustra
404 1469 554 1527 simulacra
566 1469 680 1545 fugacia
692 1469 814 1546 captas?

64 1547 150 1611 Quod
160 1547 242 1623 petis,
254 1557 299 1605 est
306 1566 445 1623 nusquam
455 1569 463 1606 r
477 1548 554 1625 quod
564 1568 649 1618 amas,
660 1559 796 1619 avertere,
806 1549 917 1626 perdes.

62 1625 123 1683 Ista
136 1645 315 1703 repercussae,
330 1646 415 1703 quam
428 1628 528 1696 cernis,
545 1628 695 1703 imaginis³
709 1632 812 1688 umbra
824 1640 878 1688 est.

63 1703 113 1761 Nil
125 1706 213 1764 habet
227 1705 282 1764 ista
295 1705 356 1775 sui3
375 1717 473 1765 tecum
486 1708 628 1784 venitque,
642 1718 814 1783 manetque;

66 1783 175 1853 Tecum
190 1785 326 1855 discedat,
341 1785 364 1842 si
379 1796 410 1843 tu
425 1786 570 1845 discedere
583 1786 682 1862 possis.

62 1861 130 1919 Non
140 1863 221 1921 illum
236 1865 354 1934 Cereris,
368 1884 427 1923 non
440 1865 520 1922 illum
534 1884 603 1923 cura
616 1865 726 1941 quietis,

63 1943 238 2000 Abstrahere
251 1943 318 2001 inde
331 1954 427 2019 potest
435 1943 457 1999 ⁴.
498 1943 556 2001 Sed
569 1945 660 2019 opaci
671 1944 752 2002 fusus
765 1942 795 2001 in
808 1943 898 2001 herbd

64 2020 183 2095 Spectat
196 2021 341 2097 inexpleto
355 2021 522 2079 mendacem
536 2021 642 2078 lumine
655 2022 792 2080 formam:

63 2099 173 2175 Perque
187 2099 286 2157 ocrrlos
299 2099 373 2174 perit
385 2099 446 2175 ipse
460 2119 543 2157 suos:
563 2100 746 2177 paullumque
760 2100 880 2167 levatus,

62 2177 112 2234 Ad
126 2177 342 2235 circumstantes
356 2178 475 2235 tendens
489 2197 541 2236 sua
554 2179 670 2238 brachia
681 2179 784 2238 eilvasr
858 2181 916 2237 ttl

64 2317 65 2320 ,
102 2256 218 2332 Ecquis,
232 2261 261 2313 'io
275 2256 361 2324 silvae,
375 2256 527 2326 crudelius,
542 2256 642 2333 inquit,
655 2257 784 2316 amavit?

63 2334 147 2392 Scitis
161 2334 246 2403 enim,
260 2345 290 2392 et
303 2334 401 2392 multis
414 2335 524 2393 latebra
537 2346 697 2412 opportuna
708 2336 811 2396 fuistis.

63 2413 201 2490 Ecquem,
216 2414 284 2471 cum
297 2424 397 2474 vestrae
411 2424 455 2472 tot
469 2425 589 2492 agantur
603 2416 699 2473 secula
712 2416 788 2485 vitae,

95 2570 103 2599 ¹
115 2574 204 2625 Haeret,
214 2570 317 2617 remeius
328 2571 399 2618 dxed.
423 2573 432 2601 ¹
442 2575 553 2633 impubes,
563 2572 655 2634 downy.
680 2571 850 2635 'Repercursa
858 2577 919 2622 inru-

61 2637 133 2695 gim'r,
151 2634 181 2680 af
198 2635 239 2694 thy
258 2634 368 2681 reflected
384 2634 453 2683 form.
482 2635 571 2682 ‘Ordo
587 2646 637 2693 est,
655 2639 712 2684 Nun
729 2634 810 2702 (cura)
830 2640 919 2687 auru

65 2698 106 2759 (oi
114 2695 192 2757 foed),
204 2714 250 2746 non
261 2714 318 2746 cara
331 2699 413 2760 quietis
420 2701 634 2760 potestadttralrcre
645 2703 718 2746 illum.
