1912 3082
10 36 58 151 r.

10 182 19 245 l

10 250 19 351 ζ
54 259 243 321 Necvaluere
256 278 357 317 manus
370 258 489 316 infixum
503 258 625 317 educere
638 257 737 328 telum,
887 292 895 301 -

10 356 24 419 12
53 338 176 418 Expulit
188 339 250 416 ipse
262 357 363 406 cruor;
381 338 585 413 rubefactaque
598 338 734 413 sanguine
745 335 830 396 tellus

10 430 12 437 '
53 419 233 495 Purpureum
247 416 328 474 viridi
341 416 441 492 genuit
455 416 491 474 de
502 416 610 491 cespite
621 417 729 492 florem,

10 440 18 573 l
44 497 111 563 -Qui
125 497 205 574 pride
216 495 333 554 OEbalio
346 495 439 553 fuerat
449 495 485 553 de
499 494 616 552 vulnere
629 504 722 553 natus.

10 614 12 619 ·
52 574 153 637 litera
166 574 325 633 communis
338 573 439 631 mediis
452 591 597 649 pueroque
610 573 726 649 viroque

10 704 13 719 ,
53 653 197 732 Inscripta
210 663 254 712 est
266 652 357 720 foliis;
376 653 437 710 haec
447 653 577 723 nominis,
588 652 638 710 illa
651 651 783 731 querela.

322 124 395 174 mn.
414 126 476 174 xv.
497 124 578 172 aas.
598 124 641 174 11.
842 116 907 199 'tto

275 859 687 919 METAMORPHOSEON

385 1001 503 1048 nisan
520 1000 578 1049 xa

62 1125 234 1204 Ρμίλῳονω
245 1128 334 1186 oratio
346 1125 382 1184 ab
393 1144 441 1184 esu
453 1126 580 1183 onmium
592 1123 744 1185 dehortans.
786 1144 857 1185 rna.
873 1145 898 1186 11

10 1264 13 1277 Ι
52 1285 118 1345 Vra
127 1285 183 1344 fuit
195 1286 252 1356 hic,
266 1296 330 1344 ortu
346 1285 474 1344 Samiusr
495 1285 545 1344 sed
555 1283 668 1362 fugerat
681 1283 739 1344 und
868 1288 909 1344 60

53 1362 94 1423 Et
104 1365 212 1424 Samon
225 1377 256 1424 et
267 1365 416 1434 dominos;
435 1365 557 1442 odioque
567 1365 724 1441 tyrannidis
734 1365 815 1424 exsul

14 1486 18 1515 ;
53 1443 165 1580 {lgm
175 1455 245 1502 erat.
285 1445 379 1520 Isque,
394 1444 463 1502 licet
476 1444 541 1502 coeli
552 1444 668 1519 regione
680 1456 814 1514 remotos,

13 1520 17 1551 ·'
107 1530 159 1580 nte
173 1523 254 1580 Deos
264 1523 350 1590 adiit3
370 1533 408 1592 et,
423 1543 487 1599 quae
500 1532 601 1580 natura
614 1525 739 1598 negabat

10 1664 12 1671 ,
54 1598 173 1658 Visibus
186 1601 324 1670 humanis,
339 1601 429 1658 oculis
443 1619 478 1658 ea
491 1600 614 1677 pectoris
627 1600 730 1658 hausit.

14 1698 17 1703 ·
55 1678 189 1755 Cumque
199 1679 302 1748 animo,
317 1690 347 1738 et
359 1679 436 1755 vigili
451 1688 634 1755 perspexerat
644 1678 738 1735 omnia
751 1680 827 1748 curt,

54 1756 90 1815 ln
103 1757 231 1815 medium
244 1758 379 1816 discenda
393 1759 498 1815 dabat:
516 1767 664 1831 coetusque
678 1756 821 1827 silentdm,

54 1836 201 1912 Dictaque
214 1836 376 1906 mirantum,
390 1835 487 1912 magni
496 1834 650 1912 primordia
663 1835 773 1904 mundi,

56 1914 95 1973 Et
107 1924 203 1973 rerum
217 1933 325 1983 causas,
340 1914 453 1991 etquid
469 1925 579 1983 natura,
594 1913 726 1983 docebat,

55 1993 134 2059 Quid
145 1993 237 2063 Deus,
252 1995 328 2052 unde
341 1994 429 2062 nives,
440 2012 504 2070 quae
517 1992 643 2051 fulminis
656 2002 733 2051 esset
746 1991 835 2073 origo,

54 2071 178 2149 Jupiter,
193 2091 230 2130 an
243 2072 330 2141 venti,
344 2072 473 2130 discussa
484 2074 571 2142 nube,
586 2082 728 2142 tonarent,
869 2074 909 2132 7⁰

10 2162 14 2215 ¹,
55 2151 134 2216 Quid
147 2161 278 2227 quateret
291 2161 388 2220 terras,
403 2151 460 2229 qua
471 2151 563 2209 sidera
576 2151 639 2228 lege
652 2162 789 2221 mearent,

55 2229 95 2289 Et
108 2230 300 2308 quodcunque
313 2230 393 2288 latet.
434 2229 602 2308 Primusque
613 2230 745 2289 animalia
758 2231 863 2290 mensis

55 2308 162 2386 arguit
172 2308 297 2385 imponi;
315 2308 422 2385 primus
436 2308 550 2386 quoque
562 2309 667 2367 talibus
681 2327 731 2368 ora

54 2386 154 2446 Docta
166 2387 281 2463 quidem
296 2387 388 2456 solvit,
402 2387 454 2446 sed
466 2406 525 2444 non
538 2398 568 2445 et
581 2387 697 2457 credita,
711 2387 822 2446 verbisr

44 2534 48 2539 ,
95 2466 218 2535 Parcite,
230 2465 372 2535 mortales,
387 2466 510 2543 dapibus
523 2475 661 2524 temerare
675 2464 804 2524 nefandis

55 2543 193 2623 Corpora.
230 2545 303 2603 Sunt
315 2545 420 2621 fruges,
435 2555 502 2602 sunt
513 2542 685 2602 deducentia
697 2561 791 2602 ramos

55 2622 187 2683 Pondere
200 2643 287 2700 poma
300 2642 361 2692 suo,
376 2623 550 2701 tumidoeque
562 2623 592 2680 in
601 2621 706 2680 vitibus
719 2641 790 2692 uvae,

56 2700 132 2761 Sunt
144 2703 241 2761 herbae
252 2703 368 2773 dulces3
386 2713 462 2772 sunt,
477 2722 541 2780 quae
553 2701 704 2760 mitescere
712 2701 835 2760 flamma,

55 2779 345 2857 Molliriquequeant.
385 2781 452 2843 Nec
463 2782 548 2844 vobis
560 2782 803 2844 lacteuslxumor
919 2832 924 2839 .

10 2882 12 2887 ·
42 2856 249 2931 dir‘pftunmec
259 2859 348 2920 mella
362 2861 459 2944 thymi
475 2864 656 2928 redolentia
665 2864 794 2924 llorere.
804 2904 811 2913 .
837 2887 842 2893 ·
869 2883 874 2889 ·
887 2879 893 2886 ·
913 2850 948 2908 Ἥ
