1912 3082
62 127 102 182 82
362 128 613 179 ΜΕΤΑΜΟΒΡΗ.

62 264 190 324 Discutit
202 282 268 324 ossa
280 265 369 324 ferox.
405 266 481 324 Tum
494 265 618 342 denique
631 263 746 322 concita
758 274 859 334 mater,

64 343 121 403 Seu
135 345 216 403 dolor
228 345 285 403 hoo
297 345 375 416 fecit,
389 365 440 404 seu
454 346 543 423 sparsi
556 364 643 403 causa
655 342 767 413 veneni,

63 422 210 494 Exululat,
223 425 370 502 passisque
381 425 456 501 fugit
469 425 545 483 male
558 444 627 482 sana
641 423 759 500 capdlis.
857 424 916 481 520

63 501 163 580 Teque
176 503 269 562 ferens
282 524 400 581 parvum
413 504 505 573 nudis,
521 504 681 572 Melicerta,
694 501 819 572 lacertis,

64 581 153 652 Evoe',
169 583 292 653 Bacche,
306 595 398 641 sonat.
438 583 545 642 Bacchi
558 585 612 640 sub
626 580 741 639 nomine
754 582 833 640 Juno

65 660 157 728 Risit;
177 673 215 731 et,
231 663 295 720 Hos
309 681 377 720 usus
390 672 506 739 praestet
519 662 581 732 tibi,
596 661 677 730 dixit,
691 660 834 719 alumnus.
954 714 955 718 ,

104 741 239 798 Imminet
251 741 412 816 aequoribus
425 741 577 818 scopulus:
590 758 657 817 pars
669 740 727 799 ima
740 751 859 799 cavatur
948 746 953 761 “’

65 818 221 889 Fluctibus,
236 831 266 877 et
280 831 372 878 tectas
385 821 514 879 defendit
527 823 564 879 ab
578 820 717 879 imbribus
730 819 840 887 undam

65 898 183 955 Summa
196 900 278 975 riget,
291 899 471 976 frontemque
484 899 514 956 in
527 910 658 976 apertum
671 898 790 975 porrigit
802 916 908 976 equor.

65 976 199 1054 Occupat
211 978 297 1048 hunc,
311 978 384 1037 vires
396 979 506 1037 insania
517 979 633 1048 fecerat,
647 979 719 1045 lno;

67 1056 160 1132 Seque
174 1077 259 1135 super
272 1069 401 1134 pontum,
415 1059 493 1116 nullo
508 1058 620 1116 tardata
632 1057 744 1125 timore,

65 1134 169 1206 Mittit,
184 1157 312 1214 onusque
326 1157 409 1195 suum
418 1142 445 1196 ¹2
463 1156 598 1215 percussa
610 1135 759 1194 recanduit
771 1134 861 1194 unda

107 1220 149 1273 At
158 1216 256 1274 Venus
270 1216 417 1274 immeritoe
430 1218 544 1295 neptis²
556 1216 689 1274 miserata
701 1214 824 1284 labores,
859 1214 920 1271 530

68 1293 116 1351 Sic
128 1300 250 1370 patru0³
264 1295 393 1352 blandita
406 1315 458 1353 suo
472 1307 534 1363 est:
555 1295 583 1353 Ο
596 1313 703 1352 numen
715 1312 865 1370 aquarum,

66 1373 200 1430 Proxima
214 1373 260 1431 cui
274 1374 347 1430 coelo
361 1375 456 1444 cessit,
471 1375 616 1452 Neptune,
629 1383 766 1450 potestas,

66 1449 176 1527 Magna
190 1452 304 1528 quidem
316 1471 425 1528 posco;
445 1455 496 1512 sed
509 1462 541 1512 tu
555 1454 688 1512 miserere
701 1470 840 1522 meorum,

65 1530 87 1588 J
87 1531 174 1588 acturi
188 1551 259 1607 quos
273 1532 365 1589 cernis
378 1533 408 1589 in
422 1533 503 1591 liinio
517 1533 665 1601 immenso,

67 1609 107 1667 Et
121 1612 176 1667 Dis
190 1611 264 1668 adde
278 1611 351 1669 tuisr
373 1611 480 1688 Aliqua
493 1622 523 1671 et
536 1611 605 1668 mihi
618 1609 710 1687 gratia
722 1619 814 1686 ponto
826 1619 880 1669 est.

69 1689 99 1747 Si
113 1700 209 1748 tamen
223 1690 252 1747 in
266 1691 313 1748 dio
328 1692 471 1767 quondam
484 1701 619 1749 concreta
630 1688 773 1767 profundo

69 1768 176 1845 Spuma
188 1769 239 1840 fui,
255 1770 430 1846 Graiumque
444 1783 541 1830 manet
554 1769 623 1827 mihi
637 1769 765 1827 nomen⁴
777 1768 817 1828 ab
830 1766 885 1825 itta

68 1849 180 1906 Annuit
194 1850 306 1908 oranti⁵
322 1850 491 1927 Neptunus3
511 1861 541 1910 et
554 1848 673 1908 abstulit
685 1847 749 1916 illis,

68 1929 155 1992 Quod
168 1929 288 1987 mortale
301 1929 364 1998 fuit,
379 1934 614 2007 majestatemque
627 1927 780 1986 verendam

68 2006 217 2083 Imposuit,
232 2027 393 2084 nomenque
406 2009 489 2066 simul
503 2008 662 2083 faciemque
676 2006 808 2071 novavit;
861 2003 921 2062 tto

67 2085 293 2164 Leucothoeque
307 2087 404 2145 Deum
418 2106 484 2145 cum
498 2098 588 2145 matre
603 2086 766 2144 Palaemona
779 2083 862 2142 dixit.

99 2241 107 2272 ¹
121 2246 192 2291 Suum
202 2260 265 2298 onas.
278 2245 294 2292 ι’.
301 2260 321 2292 e·
335 2245 487 2294 Melicertum.
521 2246 636 2306 'Neptia
645 2244 689 2291 her
698 2240 921 2306 grand-daughters

70 2304 118 2352 Isso
127 2321 175 2352 was
185 2323 200 2352 a
208 2306 326 2369 daughter
336 2307 365 2353 of
374 2306 516 2362 Hermllind,
526 2311 567 2356 the
575 2308 693 2370 daughter
700 2306 730 2352 of
738 2305 806 2352 Mars
815 2304 865 2351 md
874 2302 922 2350 Ve-

68 2384 121 2416 nus.
148 2368 158 2396 ¹
169 2372 265 2424 Potrao,
278 2371 322 2416 her
332 2370 410 2426 uncle,
420 2374 436 2419 i.
446 2388 465 2419 e.
476 2372 611 2431 Neptunus.
640 2367 780 2429 According
790 2376 817 2414 to
827 2368 922 2414 thiara·

70 2431 205 2491 lationship.
219 2432 303 2479 Venus
314 2449 361 2480 was
371 2435 412 2480 the
421 2434 538 2496 daughter
546 2435 574 2481 oi
581 2431 678 2493 Jupiter
684 2431 733 2478 aud
744 2431 836 2485 Didae,
844 2428 922 2476 which

67 2495 89 2542 is
99 2503 141 2541 not
151 2495 224 2556 easily
235 2497 366 2544 reconciled
376 2497 432 2543 with
443 2498 485 2544 her
495 2497 583 2559 having
599 2511 689 2557 sprung
699 2495 811 2551 stamthe
821 2493 887 2541 soum
897 2489 926 2539 of

67 2559 109 2606 the
119 2573 165 2613 sea,
183 2574 208 2604 os
218 2559 355 2607 mentioned
366 2576 381 2606 a
391 2560 438 2607 few
448 2561 509 2608 lines
518 2561 603 2608 below.
637 2558 647 2587 ⁴
660 2560 758 2607 Graium
773 2571 866 2612 honen,
882 2568 923 2616 ray

71 2621 151 2669 Greek
160 2637 236 2676 name,
245 2626 262 2668 ἰ.
270 2637 290 2669 e.
305 2622 445 2683 Aphrodite,
454 2624 516 2670 from
522 2626 606 2684 aphros
614 2619 711 2696 (sogor),
721 2619 796 2667 loom.
812 2618 923 2667 ‘martit

63 2689 145 2793 pecati
156 2682 279 2749 (Veneri),
290 2686 392 2747 granted
399 2695 424 2734 to
441 2690 514 2736 Venus
525 2695 674 2748 enueauug3
691 2680 789 2733 uodded
803 2690 886 2731 annot
893 2688 921 2729 to

93 2757 219 2811 nequest.

133 3010 230 3028 *-
