<?xml version="1.0" encoding="UTF-8"?>
<!DOCTYPE html PUBLIC "-//W3C//DTD XHTML 1.0 Transitional//EN"
    "http://www.w3.org/TR/xhtml1/DTD/xhtml1-transitional.dtd">
<html xmlns="http://www.w3.org/1999/xhtml" xml:lang="en" lang="en">
 <head>
  <title>
</title>
<meta http-equiv="Content-Type" content="text/html;charset=utf-8" />
  <meta name='ocr-system' content='tesseract 3.04.00' />
  <meta name='ocr-capabilities' content='ocr_page ocr_carea ocr_par ocr_line ocrx_word'/>
</head>
<body>
  <div class='ocr_page' id='page_1' title='image "./decerptaexpovid00dymogoog_0183.png"; bbox 0 0 1912 3082; ppageno 0'>
   <div class='ocr_carea' id='block_1_1' title="bbox 86 134 650 188">
    <p class='ocr_par' dir='ltr' id='par_1_1' title="bbox 86 134 650 188">
     <span class='ocr_line' id='line_1_1' title="bbox 86 134 650 188; baseline -0.007 -1"><span class='ocrx_word' id='word_1_1' title='bbox 86 134 141 188; x_wconf 78' lang='grc'><strong>130</strong></span> <span class='ocrx_word' id='word_1_2' title='bbox 400 136 650 184; x_wconf 63' lang='lat' dir='ltr'><strong>munitionen.</strong></span> 
     </span>
    </p>
   </div>
   <div class='ocr_carea' id='block_1_2' title="bbox 80 272 930 429">
    <p class='ocr_par' dir='ltr' id='par_1_2' title="bbox 80 272 930 429">
     <span class='ocr_line' id='line_1_2' title="bbox 80 272 930 349; baseline -0.006 -17"><span class='ocrx_word' id='word_1_3' title='bbox 80 273 267 347; x_wconf 88' lang='lat' dir='ltr'><strong>Inveniesque</strong></span> <span class='ocrx_word' id='word_1_4' title='bbox 280 282 332 329; x_wconf 85' lang='lat' dir='ltr'><strong>tuo</strong></span> <span class='ocrx_word' id='word_1_5' title='bbox 345 291 397 348; x_wconf 93' lang='lat' dir='ltr'><strong>pro</strong></span> <span class='ocrx_word' id='word_1_6' title='bbox 411 276 535 349; x_wconf 83' lang='lat' dir='ltr'><strong>conjuge</strong></span> <span class='ocrx_word' id='word_1_7' title='bbox 548 272 677 349; x_wconf 85' lang='lat' dir='ltr'><strong>conjugis</strong></span> <span class='ocrx_word' id='word_1_8' title='bbox 691 273 831 330; x_wconf 84' lang='lat' dir='ltr'><strong>umbram.</strong></span> <span class='ocrx_word' id='word_1_9' title='bbox 872 275 930 330; x_wconf 79' lang='lat'><strong>66⁰</strong></span> 
     </span>
     <span class='ocr_line' id='line_1_3' title="bbox 81 351 780 429; baseline -0.004 -18"><span class='ocrx_word' id='word_1_10' title='bbox 81 354 129 411; x_wconf 90' lang='lat' dir='ltr'><strong>Nil</strong></span> <span class='ocrx_word' id='word_1_11' title='bbox 143 351 213 429; x_wconf 89' lang='lat' dir='ltr'><strong>opis,</strong></span> <span class='ocrx_word' id='word_1_12' title='bbox 229 351 390 427; x_wconf 89' lang='lat' dir='ltr'><strong>Halcyone,</strong></span> <span class='ocrx_word' id='word_1_13' title='bbox 404 352 488 409; x_wconf 89' lang='lat' dir='ltr'><strong>nobis</strong></span> <span class='ocrx_word' id='word_1_14' title='bbox 502 363 553 410; x_wconf 89' lang='lat' dir='ltr'><strong>tua</strong></span> <span class='ocrx_word' id='word_1_15' title='bbox 565 363 632 409; x_wconf 86' lang='lat' dir='ltr'><strong>vota</strong></span> <span class='ocrx_word' id='word_1_16' title='bbox 645 351 780 409; x_wconf 83' lang='lat' dir='ltr'><strong>tulerunt.</strong></span> 
     </span>
    </p>
   </div>
   <div class='ocr_carea' id='block_1_3' title="bbox 74 429 925 2553">
    <p class='ocr_par' dir='ltr' id='par_1_3' title="bbox 81 429 770 506">
     <span class='ocr_line' id='line_1_4' title="bbox 81 429 770 506; baseline -0.004 -17"><span class='ocrx_word' id='word_1_17' title='bbox 81 429 265 490; x_wconf 91' lang='lat' dir='ltr'><strong>Occidimus!</strong></span> <span class='ocrx_word' id='word_1_18' title='bbox 288 430 367 488; x_wconf 84' lang='lat' dir='ltr'><strong>falsae</strong></span> <span class='ocrx_word' id='word_1_19' title='bbox 380 431 433 488; x_wconf 93' lang='lat' dir='ltr'><strong>tibi</strong></span> <span class='ocrx_word' id='word_1_20' title='bbox 447 449 493 488; x_wconf 90' lang='lat' dir='ltr'><strong>me</strong></span> <span class='ocrx_word' id='word_1_21' title='bbox 506 431 671 506; x_wconf 88' lang='lat' dir='ltr'>promittere</span> <span class='ocrx_word' id='word_1_22' title='bbox 684 430 742 486; x_wconf 91' lang='lat' dir='ltr'><strong>noli</strong></span> <span class='ocrx_word' id='word_1_23' title='bbox 753 434 770 486; x_wconf 88' lang='lat'><strong>¹.</strong></span> 
     </span>
    </p>

    <p class='ocr_par' dir='ltr' id='par_1_4' title="bbox 80 509 750 586">
     <span class='ocr_line' id='line_1_5' title="bbox 80 509 750 586; baseline -0.009 -17"><span class='ocrx_word' id='word_1_24' title='bbox 80 510 312 585; x_wconf 84' lang='lat' dir='ltr'><strong>NubilusAEgeo</strong></span> <span class='ocrx_word' id='word_1_25' title='bbox 326 510 475 586; x_wconf 87' lang='lat' dir='ltr'><strong>deprendit</strong></span> <span class='ocrx_word' id='word_1_26' title='bbox 488 509 518 565; x_wconf 92' lang='lat' dir='ltr'><strong>in</strong></span> <span class='ocrx_word' id='word_1_27' title='bbox 531 528 643 585; x_wconf 88' lang='lat' dir='ltr'><strong>aequore</strong></span> <span class='ocrx_word' id='word_1_28' title='bbox 657 509 750 566; x_wconf 81' lang='lat' dir='ltr'>navim</span> 
     </span>
    </p>

    <p class='ocr_par' dir='ltr' id='par_1_5' title="bbox 81 587 755 664">
     <span class='ocr_line' id='line_1_6' title="bbox 81 587 755 664; baseline -0.003 -17"><span class='ocrx_word' id='word_1_29' title='bbox 81 592 196 658; x_wconf 86' lang='lat' dir='ltr'><strong>Auster,</strong></span> <span class='ocrx_word' id='word_1_30' title='bbox 212 598 242 645; x_wconf 90' lang='lat' dir='ltr'><strong>et</strong></span> <span class='ocrx_word' id='word_1_31' title='bbox 255 588 363 663; x_wconf 86' lang='lat' dir='ltr'><strong>ingenti</strong></span> <span class='ocrx_word' id='word_1_32' title='bbox 374 592 513 664; x_wconf 82' lang='lat' dir='ltr'><strong>J‘actatam</strong></span> <span class='ocrx_word' id='word_1_33' title='bbox 526 589 640 646; x_wconf 90' lang='lat' dir='ltr'><strong>flamine</strong></span> <span class='ocrx_word' id='word_1_34' title='bbox 655 587 755 645; x_wconf 70' lang='lat' dir='ltr'><strong>solvite</strong></span> 
     </span>
    </p>

    <p class='ocr_par' dir='ltr' id='par_1_6' title="bbox 80 665 817 744">
     <span class='ocr_line' id='line_1_7' title="bbox 80 665 817 744; baseline -0.004 -19"><span class='ocrx_word' id='word_1_35' title='bbox 80 668 195 744; x_wconf 87' lang='lat' dir='ltr'><strong>Oraque</strong></span> <span class='ocrx_word' id='word_1_36' title='bbox 209 677 312 734; x_wconf 88' lang='lat' dir='ltr'><strong>nostra,</strong></span> <span class='ocrx_word' id='word_1_37' title='bbox 328 677 409 723; x_wconf 91' lang='lat' dir='ltr'><strong>tuum</strong></span> <span class='ocrx_word' id='word_1_38' title='bbox 422 665 525 725; x_wconf 86' lang='lat' dir='ltr'><strong>frustra</strong></span> <span class='ocrx_word' id='word_1_39' title='bbox 538 667 691 725; x_wconf 89' lang='lat' dir='ltr'><strong>clamantia</strong></span> <span class='ocrx_word' id='word_1_40' title='bbox 704 685 817 735; x_wconf 90' lang='lat' dir='ltr'><strong>nomen,</strong></span> 
     </span>
    </p>

    <p class='ocr_par' dir='ltr' id='par_1_7' title="bbox 79 744 875 822">
     <span class='ocr_line' id='line_1_8' title="bbox 79 744 875 822; baseline 0 -19"><span class='ocrx_word' id='word_1_41' title='bbox 79 747 239 822; x_wconf 79' lang='lat' dir='ltr'><strong>Implemnt</strong></span> <span class='ocrx_word' id='word_1_42' title='bbox 252 745 366 802; x_wconf 89' lang='lat' dir='ltr'><strong>fluctus.</strong></span> <span class='ocrx_word' id='word_1_43' title='bbox 408 744 475 802; x_wconf 81' lang='lat' dir='ltr'><strong>Noti</strong></span> <span class='ocrx_word' id='word_1_44' title='bbox 487 746 549 803; x_wconf 89' lang='lat' dir='ltr'><strong>haec</strong></span> <span class='ocrx_word' id='word_1_45' title='bbox 562 746 615 803; x_wconf 91' lang='lat' dir='ltr'><strong>tibi</strong></span> <span class='ocrx_word' id='word_1_46' title='bbox 629 746 746 803; x_wconf 87' lang='lat' dir='ltr'><strong>nunciat</strong></span> <span class='ocrx_word' id='word_1_47' title='bbox 760 749 875 803; x_wconf 76' lang='lat' dir='ltr'><strong>auctor²</strong></span> 
     </span>
    </p>

    <p class='ocr_par' dir='ltr' id='par_1_8' title="bbox 79 823 781 900">
     <span class='ocr_line' id='line_1_9' title="bbox 79 823 781 900; baseline -0.003 -18"><span class='ocrx_word' id='word_1_48' title='bbox 79 825 257 900; x_wconf 85' lang='lat' dir='ltr'><strong>Ambiguus;</strong></span> <span class='ocrx_word' id='word_1_49' title='bbox 276 842 335 880; x_wconf 91' lang='lat' dir='ltr'><strong>non</strong></span> <span class='ocrx_word' id='word_1_50' title='bbox 349 824 404 881; x_wconf 86' lang='lat' dir='ltr'><strong>ista</strong></span> <span class='ocrx_word' id='word_1_51' title='bbox 416 823 495 899; x_wconf 86' lang='lat' dir='ltr'><strong>vagis</strong></span> <span class='ocrx_word' id='word_1_52' title='bbox 508 825 667 882; x_wconf 87' lang='lat' dir='ltr'><strong>rumoribus</strong></span> <span class='ocrx_word' id='word_1_53' title='bbox 681 825 781 882; x_wconf 89' lang='lat' dir='ltr'><strong>audis:</strong></span> 
     </span>
    </p>

    <p class='ocr_par' dir='ltr' id='par_1_9' title="bbox 78 901 807 980">
     <span class='ocr_line' id='line_1_10' title="bbox 78 901 807 980; baseline 0 -21"><span class='ocrx_word' id='word_1_54' title='bbox 78 903 144 979; x_wconf 92' lang='lat' dir='ltr'><strong>Ipse</strong></span> <span class='ocrx_word' id='word_1_55' title='bbox 158 921 211 979; x_wconf 91' lang='lat' dir='ltr'><strong>ego</strong></span> <span class='ocrx_word' id='word_1_56' title='bbox 225 901 285 959; x_wconf 88' lang='lat' dir='ltr'><strong>fata</strong></span> <span class='ocrx_word' id='word_1_57' title='bbox 298 902 350 960; x_wconf 91' lang='lat' dir='ltr'><strong>tibi</strong></span> <span class='ocrx_word' id='word_1_58' title='bbox 363 921 487 978; x_wconf 85' lang='lat' dir='ltr'><strong>praesens</strong></span> <span class='ocrx_word' id='word_1_59' title='bbox 500 922 565 960; x_wconf 90' lang='lat' dir='ltr'><strong>mea</strong></span> <span class='ocrx_word' id='word_1_60' title='bbox 577 903 729 980; x_wconf 88' lang='lat' dir='ltr'><strong>naufragus</strong></span> <span class='ocrx_word' id='word_1_61' title='bbox 744 904 807 961; x_wconf 86' lang='lat' dir='ltr'><strong>edo.</strong></span> 
     </span>
    </p>

    <p class='ocr_par' dir='ltr' id='par_1_10' title="bbox 79 981 925 1059">
     <span class='ocr_line' id='line_1_11' title="bbox 79 981 925 1059; baseline 0.002 -21"><span class='ocrx_word' id='word_1_62' title='bbox 79 981 179 1058; x_wconf 86' lang='lat' dir='ltr'><strong>Surge,</strong></span> <span class='ocrx_word' id='word_1_63' title='bbox 193 1000 255 1057; x_wconf 89' lang='lat' dir='ltr'><strong>age,</strong></span> <span class='ocrx_word' id='word_1_64' title='bbox 270 981 308 1038; x_wconf 87' lang='lat' dir='ltr'><strong>da</strong></span> <span class='ocrx_word' id='word_1_65' title='bbox 320 981 469 1059; x_wconf 83' lang='lat' dir='ltr'><strong>lacrymas,</strong></span> <span class='ocrx_word' id='word_1_66' title='bbox 480 981 666 1058; x_wconf 84' lang='lat' dir='ltr'><strong>lugubriaque</strong></span> <span class='ocrx_word' id='word_1_67' title='bbox 676 984 783 1040; x_wconf 81' lang='lat' dir='ltr'><strong>indue³</strong></span> <span class='ocrx_word' id='word_1_68' title='bbox 794 1003 802 1039; x_wconf 74' lang='grc' dir='ltr'><strong>ι</strong></span> <span class='ocrx_word' id='word_1_69' title='bbox 815 1001 869 1041; x_wconf 91' lang='lat' dir='ltr'><strong>nec</strong></span> <span class='ocrx_word' id='word_1_70' title='bbox 880 1001 925 1040; x_wconf 91' lang='lat' dir='ltr'><strong>me</strong></span> 
     </span>
    </p>

    <p class='ocr_par' dir='ltr' id='par_1_11' title="bbox 77 1060 925 1136">
     <span class='ocr_line' id='line_1_12' title="bbox 77 1060 925 1136; baseline 0 -19"><span class='ocrx_word' id='word_1_71' title='bbox 77 1060 293 1136; x_wconf 89' lang='lat' dir='ltr'><strong>Indeploratum</strong></span> <span class='ocrx_word' id='word_1_72' title='bbox 306 1063 360 1118; x_wconf 89' lang='lat' dir='ltr'><strong>sub</strong></span> <span class='ocrx_word' id='word_1_73' title='bbox 374 1060 491 1118; x_wconf 84' lang='lat' dir='ltr'><strong>inania⁴</strong></span> <span class='ocrx_word' id='word_1_74' title='bbox 505 1061 623 1119; x_wconf 87' lang='lat' dir='ltr'><strong>Tartara</strong></span> <span class='ocrx_word' id='word_1_75' title='bbox 636 1062 726 1119; x_wconf 89' lang='lat' dir='ltr'><strong>mitte.</strong></span> <span class='ocrx_word' id='word_1_76' title='bbox 866 1064 925 1118; x_wconf 83' lang='lat'><strong>670</strong></span> 
     </span>
    </p>

    <p class='ocr_par' dir='ltr' id='par_1_12' title="bbox 78 1139 847 1217">
     <span class='ocr_line' id='line_1_13' title="bbox 78 1139 847 1217; baseline 0.001 -21"><span class='ocrx_word' id='word_1_77' title='bbox 78 1140 191 1216; x_wconf 87' lang='lat' dir='ltr'><strong>Adjicit</strong></span> <span class='ocrx_word' id='word_1_78' title='bbox 204 1139 248 1196; x_wconf 86' lang='lat' dir='ltr'><strong>his</strong></span> <span class='ocrx_word' id='word_1_79' title='bbox 261 1159 361 1197; x_wconf 89' lang='lat' dir='ltr'><strong>vocem</strong></span> <span class='ocrx_word' id='word_1_80' title='bbox 376 1139 542 1215; x_wconf 85' lang='lat' dir='ltr'><strong>Morpheus,</strong></span> <span class='ocrx_word' id='word_1_81' title='bbox 557 1159 642 1216; x_wconf 90' lang='lat' dir='ltr'><strong>quam</strong></span> <span class='ocrx_word' id='word_1_82' title='bbox 655 1139 785 1217; x_wconf 87' lang='lat' dir='ltr'><strong>conjugis</strong></span> <span class='ocrx_word' id='word_1_83' title='bbox 798 1139 847 1197; x_wconf 90' lang='lat' dir='ltr'><strong>illa</strong></span> 
     </span>
    </p>

    <p class='ocr_par' dir='ltr' id='par_1_13' title="bbox 81 1218 866 1294">
     <span class='ocr_line' id='line_1_14' title="bbox 81 1218 866 1294; baseline 0.001 -19"><span class='ocrx_word' id='word_1_84' title='bbox 81 1219 219 1275; x_wconf 89' lang='lat' dir='ltr'><strong>Crederet</strong></span> <span class='ocrx_word' id='word_1_85' title='bbox 232 1237 294 1275; x_wconf 86' lang='lat' dir='ltr'><strong>esse</strong></span> <span class='ocrx_word' id='word_1_86' title='bbox 309 1219 352 1274; x_wconf 91' lang='lat' dir='ltr'><strong>sui</strong></span> <span class='ocrx_word' id='word_1_87' title='bbox 361 1222 382 1274; x_wconf 86' lang='lat'><strong>⁵.</strong></span> <span class='ocrx_word' id='word_1_88' title='bbox 418 1218 515 1275; x_wconf 87' lang='lat' dir='ltr'><strong>Fletus</strong></span> <span class='ocrx_word' id='word_1_89' title='bbox 528 1219 641 1294; x_wconf 82' lang='lat' dir='ltr'><strong>qudque</strong></span> <span class='ocrx_word' id='word_1_90' title='bbox 654 1218 772 1276; x_wconf 85' lang='lat' dir='ltr'><strong>fundere</strong></span> <span class='ocrx_word' id='word_1_91' title='bbox 785 1237 866 1276; x_wconf 87' lang='lat' dir='ltr'><strong>veros</strong></span> 
     </span>
    </p>

    <p class='ocr_par' dir='ltr' id='par_1_14' title="bbox 77 1295 886 1450">
     <span class='ocr_line' id='line_1_15' title="bbox 77 1295 845 1373; baseline 0.003 -21"><span class='ocrx_word' id='word_1_92' title='bbox 77 1295 162 1352; x_wconf 92' lang='lat' dir='ltr'><strong>Visus</strong></span> <span class='ocrx_word' id='word_1_93' title='bbox 176 1305 255 1362; x_wconf 88' lang='lat' dir='ltr'><strong>erat;</strong></span> <span class='ocrx_word' id='word_1_94' title='bbox 275 1306 444 1371; x_wconf 90' lang='lat' dir='ltr'><strong>gestumque</strong></span> <span class='ocrx_word' id='word_1_95' title='bbox 458 1315 558 1352; x_wconf 87' lang='lat' dir='ltr'><strong>manus</strong></span> <span class='ocrx_word' id='word_1_96' title='bbox 574 1298 677 1373; x_wconf 84' lang='lat' dir='ltr'><strong>Ceycis</strong></span> <span class='ocrx_word' id='word_1_97' title='bbox 690 1298 845 1355; x_wconf 85' lang='lat' dir='ltr'><strong>habebant.</strong></span> 
     </span>
     <span class='ocr_line' id='line_1_16' title="bbox 117 1373 886 1450; baseline 0.007 -21"><span class='ocrx_word' id='word_1_98' title='bbox 117 1373 242 1448; x_wconf 86' lang='lat' dir='ltr'><strong>Ingemit</strong></span> <span class='ocrx_word' id='word_1_99' title='bbox 257 1373 407 1448; x_wconf 81' lang='lat' dir='ltr'><strong>Halcyone</strong></span> <span class='ocrx_word' id='word_1_100' title='bbox 420 1373 588 1449; x_wconf 89' lang='lat' dir='ltr'><strong>lacrymans,</strong></span> <span class='ocrx_word' id='word_1_101' title='bbox 602 1386 749 1450; x_wconf 88' lang='lat' dir='ltr'><strong>mutatque</strong></span> <span class='ocrx_word' id='word_1_102' title='bbox 763 1376 886 1434; x_wconf 86' lang='lat' dir='ltr'><strong>lacertos</strong></span> 
     </span>
    </p>

    <p class='ocr_par' dir='ltr' id='par_1_15' title="bbox 78 1450 911 1528">
     <span class='ocr_line' id='line_1_17' title="bbox 78 1450 911 1528; baseline 0.008 -22"><span class='ocrx_word' id='word_1_103' title='bbox 78 1450 134 1507; x_wconf 89' lang='lat' dir='ltr'><strong>Per</strong></span> <span class='ocrx_word' id='word_1_104' title='bbox 147 1470 295 1507; x_wconf 89' lang='lat' dir='ltr'><strong>somnum·</strong></span> <span class='ocrx_word' id='word_1_105' title='bbox 316 1470 473 1527; x_wconf 87' lang='lat' dir='ltr'><strong>corpusque</strong></span> <span class='ocrx_word' id='word_1_106' title='bbox 487 1456 607 1526; x_wconf 78' lang='lat' dir='ltr'><strong>petens⁶</strong></span> <span class='ocrx_word' id='word_1_107' title='bbox 617 1454 798 1528; x_wconf 90' lang='lat' dir='ltr'><strong>amplectitur</strong></span> <span class='ocrx_word' id='word_1_108' title='bbox 810 1473 911 1514; x_wconf 80' lang='lat' dir='ltr'><strong>auras:</strong></span> 
     </span>
    </p>

    <p class='ocr_par' dir='ltr' id='par_1_16' title="bbox 76 1528 870 1606">
     <span class='ocr_line' id='line_1_18' title="bbox 76 1528 870 1606; baseline 0.004 -20"><span class='ocrx_word' id='word_1_109' title='bbox 76 1529 292 1606; x_wconf 85' lang='lat' dir='ltr'><strong>Exclamatque,</strong></span> <span class='ocrx_word' id='word_1_110' title='bbox 307 1528 405 1587; x_wconf 89' lang='lat' dir='ltr'><strong>Mane.</strong></span> <span class='ocrx_word' id='word_1_111' title='bbox 446 1529 511 1593; x_wconf 78' lang='lat' dir='ltr'><strong>Quo</strong></span> <span class='ocrx_word' id='word_1_112' title='bbox 525 1539 555 1588; x_wconf 85' lang='lat' dir='ltr'><strong>te</strong></span> <span class='ocrx_word' id='word_1_113' title='bbox 567 1531 666 1606; x_wconf 84' lang='lat' dir='ltr'><strong>rapis?</strong></span> <span class='ocrx_word' id='word_1_114' title='bbox 686 1530 789 1587; x_wconf 91' lang='lat' dir='ltr'><strong>ibimus</strong></span> <span class='ocrx_word' id='word_1_115' title='bbox 804 1533 870 1589; x_wconf 73' lang='lat' dir='ltr'><strong>una.</strong></span> 
     </span>
    </p>

    <p class='ocr_par' dir='ltr' id='par_1_17' title="bbox 76 1608 729 1685">
     <span class='ocr_line' id='line_1_19' title="bbox 76 1608 729 1685; baseline -0.002 -20"><span class='ocrx_word' id='word_1_116' title='bbox 76 1608 155 1666; x_wconf 91' lang='lat' dir='ltr'><strong>Voce</strong></span> <span class='ocrx_word' id='word_1_117' title='bbox 170 1610 229 1678; x_wconf 73' lang='lat' dir='ltr'><strong>sud,</strong></span> <span class='ocrx_word' id='word_1_118' title='bbox 244 1609 395 1685; x_wconf 88' lang='lat' dir='ltr'><strong>specieque</strong></span> <span class='ocrx_word' id='word_1_119' title='bbox 407 1608 459 1664; x_wconf 90' lang='lat' dir='ltr'><strong>viri</strong></span> <span class='ocrx_word' id='word_1_120' title='bbox 472 1611 586 1667; x_wconf 87' lang='lat' dir='ltr'><strong>turbata</strong></span> <span class='ocrx_word' id='word_1_121' title='bbox 599 1628 729 1685; x_wconf 88' lang='lat' dir='ltr'><strong>soporem</strong></span> 
     </span>
    </p>

    <p class='ocr_par' dir='ltr' id='par_1_18' title="bbox 75 1686 740 1764">
     <span class='ocr_line' id='line_1_20' title="bbox 75 1686 740 1764; baseline -0.002 -20"><span class='ocrx_word' id='word_1_122' title='bbox 75 1686 215 1745; x_wconf 84' lang='lat' dir='ltr'><strong>Excutit:</strong></span> <span class='ocrx_word' id='word_1_123' title='bbox 235 1700 265 1746; x_wconf 89' lang='lat' dir='ltr'><strong>et</strong></span> <span class='ocrx_word' id='word_1_124' title='bbox 278 1689 368 1764; x_wconf 76' lang='lat' dir='ltr'><strong>primo</strong></span> <span class='ocrx_word' id='word_1_125' title='bbox 383 1688 406 1746; x_wconf 92' lang='lat' dir='ltr'><strong>si</strong></span> <span class='ocrx_word' id='word_1_126' title='bbox 420 1689 456 1746; x_wconf 90' lang='lat' dir='ltr'><strong>sit</strong></span> <span class='ocrx_word' id='word_1_127' title='bbox 470 1688 661 1764; x_wconf 84' lang='lat' dir='ltr'><strong>circumspicit</strong></span> <span class='ocrx_word' id='word_1_128' title='bbox 673 1689 740 1757; x_wconf 81' lang='lat' dir='ltr'><strong>illic,</strong></span> 
     </span>
    </p>

    <p class='ocr_par' dir='ltr' id='par_1_19' title="bbox 76 1767 922 1830">
     <span class='ocr_line' id='line_1_21' title="bbox 76 1767 922 1830; baseline 0.004 -7"><span class='ocrx_word' id='word_1_129' title='bbox 76 1768 141 1830; x_wconf 79' lang='lat' dir='ltr'><strong>Qua</strong></span> <span class='ocrx_word' id='word_1_130' title='bbox 154 1767 240 1823; x_wconf 74' lang='lat' dir='ltr'><strong>modo</strong></span> <span class='ocrx_word' id='word_1_131' title='bbox 254 1768 330 1826; x_wconf 87' lang='lat' dir='ltr'><strong>visus</strong></span> <span class='ocrx_word' id='word_1_132' title='bbox 343 1778 421 1826; x_wconf 83' lang='lat' dir='ltr'><strong>erat:</strong></span> <span class='ocrx_word' id='word_1_133' title='bbox 434 1785 501 1825; x_wconf 90' lang='lat' dir='ltr'><strong>nam</strong></span> <span class='ocrx_word' id='word_1_134' title='bbox 514 1767 585 1824; x_wconf 91' lang='lat' dir='ltr'><strong>moti</strong></span> <span class='ocrx_word' id='word_1_135' title='bbox 597 1786 668 1825; x_wconf 84' lang='lat' dir='ltr'><strong>voce</strong></span> <span class='ocrx_word' id='word_1_136' title='bbox 681 1767 800 1825; x_wconf 89' lang='lat' dir='ltr'><strong>ministri</strong></span> <span class='ocrx_word' id='word_1_137' title='bbox 862 1771 922 1826; x_wconf 79' lang='lat'><strong>679</strong></span> 
     </span>
    </p>

    <p class='ocr_par' dir='ltr' id='par_1_20' title="bbox 74 1844 897 1923">
     <span class='ocr_line' id='line_1_22' title="bbox 74 1844 897 1923; baseline 0.005 -22"><span class='ocrx_word' id='word_1_138' title='bbox 74 1844 235 1904; x_wconf 87' lang='lat' dir='ltr'><strong>Intulerant</strong></span> <span class='ocrx_word' id='word_1_139' title='bbox 248 1846 354 1905; x_wconf 88' lang='lat' dir='ltr'><strong>lumen.</strong></span> <span class='ocrx_word' id='word_1_140' title='bbox 390 1847 545 1923; x_wconf 88' lang='lat' dir='ltr'><strong>Postquam</strong></span> <span class='ocrx_word' id='word_1_141' title='bbox 558 1866 616 1904; x_wconf 90' lang='lat' dir='ltr'><strong>non</strong></span> <span class='ocrx_word' id='word_1_142' title='bbox 629 1846 756 1904; x_wconf 76' lang='lat' dir='ltr'><strong>invenitl</strong></span> <span class='ocrx_word' id='word_1_143' title='bbox 770 1865 897 1922; x_wconf 84' lang='lat' dir='ltr'><strong>usquam,</strong></span> 
     </span>
    </p>

    <p class='ocr_par' dir='ltr' id='par_1_21' title="bbox 75 1923 802 2001">
     <span class='ocr_line' id='line_1_23' title="bbox 75 1923 802 2001; baseline 0.003 -22"><span class='ocrx_word' id='word_1_144' title='bbox 75 1923 204 1981; x_wconf 92' lang='lat' dir='ltr'><strong>Percutit</strong></span> <span class='ocrx_word' id='word_1_145' title='bbox 217 1944 266 1982; x_wconf 88' lang='lat' dir='ltr'><strong>ora</strong></span> <span class='ocrx_word' id='word_1_146' title='bbox 279 1944 375 1995; x_wconf 88' lang='lat' dir='ltr'><strong>mauu,</strong></span> <span class='ocrx_word' id='word_1_147' title='bbox 390 1925 533 2001; x_wconf 89' lang='lat' dir='ltr'><strong>laniatque</strong></span> <span class='ocrx_word' id='word_1_148' title='bbox 546 1944 564 1982; x_wconf 89' lang='lat' dir='ltr'><strong>a</strong></span> <span class='ocrx_word' id='word_1_149' title='bbox 577 1936 693 2001; x_wconf 91' lang='lat' dir='ltr'><strong>pectore</strong></span> <span class='ocrx_word' id='word_1_150' title='bbox 701 1936 802 1993; x_wconf 87' lang='lat' dir='ltr'><strong>vestes,</strong></span> 
     </span>
    </p>

    <p class='ocr_par' dir='ltr' id='par_1_22' title="bbox 77 2001 871 2079">
     <span class='ocr_line' id='line_1_24' title="bbox 77 2001 871 2079; baseline 0.005 -21"><span class='ocrx_word' id='word_1_151' title='bbox 77 2001 254 2078; x_wconf 91' lang='lat' dir='ltr'><strong>Pectoraque</strong></span> <span class='ocrx_word' id='word_1_152' title='bbox 268 2003 329 2079; x_wconf 89' lang='lat' dir='ltr'><strong>ipsa</strong></span> <span class='ocrx_word' id='word_1_153' title='bbox 341 2003 414 2060; x_wconf 88' lang='lat' dir='ltr'><strong>ferit.</strong></span> <span class='ocrx_word' id='word_1_154' title='bbox 456 2003 519 2061; x_wconf 92' lang='lat' dir='ltr'><strong>Nec</strong></span> <span class='ocrx_word' id='word_1_155' title='bbox 532 2004 639 2060; x_wconf 89' lang='lat' dir='ltr'><strong>crinem</strong></span> <span class='ocrx_word' id='word_1_156' title='bbox 652 2005 760 2060; x_wconf 86' lang='lat' dir='ltr'><strong>solvere</strong></span> <span class='ocrx_word' id='word_1_157' title='bbox 774 2014 871 2071; x_wconf 83' lang='lat' dir='ltr'><strong>curat;</strong></span> 
     </span>
    </p>

    <p class='ocr_par' dir='ltr' id='par_1_23' title="bbox 77 2079 788 2156">
     <span class='ocr_line' id='line_1_25' title="bbox 77 2079 788 2156; baseline 0.003 -21"><span class='ocrx_word' id='word_1_158' title='bbox 77 2079 203 2136; x_wconf 86' lang='lat' dir='ltr'><strong>Scindit:</strong></span> <span class='ocrx_word' id='word_1_159' title='bbox 218 2091 248 2137; x_wconf 92' lang='lat' dir='ltr'><strong>et</strong></span> <span class='ocrx_word' id='word_1_160' title='bbox 261 2081 361 2148; x_wconf 88' lang='lat' dir='ltr'><strong>altrici,</strong></span> <span class='ocrx_word' id='word_1_161' title='bbox 375 2100 438 2155; x_wconf 88' lang='lat' dir='ltr'><strong>quae</strong></span> <span class='ocrx_word' id='word_1_162' title='bbox 451 2081 546 2137; x_wconf 81' lang='lat' dir='ltr'><strong>luctiis</strong></span> <span class='ocrx_word' id='word_1_163' title='bbox 559 2100 654 2149; x_wconf 87' lang='lat' dir='ltr'><strong>causa,</strong></span> <span class='ocrx_word' id='word_1_164' title='bbox 668 2083 788 2156; x_wconf 89' lang='lat' dir='ltr'><strong>roganti,</strong></span> 
     </span>
    </p>

    <p class='ocr_par' dir='ltr' id='par_1_24' title="bbox 75 2156 825 2233">
     <span class='ocr_line' id='line_1_26' title="bbox 75 2156 825 2233; baseline 0.009 -21"><span class='ocrx_word' id='word_1_165' title='bbox 75 2156 163 2212; x_wconf 87' lang='lat' dir='ltr'><strong>Nulla</strong></span> <span class='ocrx_word' id='word_1_166' title='bbox 177 2169 221 2213; x_wconf 91' lang='lat' dir='ltr'><strong>est</strong></span> <span class='ocrx_word' id='word_1_167' title='bbox 236 2158 396 2233; x_wconf 89' lang='lat' dir='ltr'><strong>Halcyone,</strong></span> <span class='ocrx_word' id='word_1_168' title='bbox 411 2158 490 2215; x_wconf 90' lang='lat' dir='ltr'><strong>nulla</strong></span> <span class='ocrx_word' id='word_1_169' title='bbox 502 2168 556 2225; x_wconf 89' lang='lat' dir='ltr'><strong>est,</strong></span> <span class='ocrx_word' id='word_1_170' title='bbox 571 2159 628 2215; x_wconf 80' lang='lat' dir='ltr'><strong>ait:</strong></span> <span class='ocrx_word' id='word_1_171' title='bbox 649 2161 754 2216; x_wconf 92' lang='lat' dir='ltr'><strong>occidit</strong></span> <span class='ocrx_word' id='word_1_172' title='bbox 768 2161 825 2219; x_wconf 74' lang='lat' dir='ltr'><strong>unii</strong></span> 
     </span>
    </p>

    <p class='ocr_par' dir='ltr' id='par_1_25' title="bbox 75 2235 735 2310">
     <span class='ocr_line' id='line_1_27' title="bbox 75 2235 735 2310; baseline 0.006 -19"><span class='ocrx_word' id='word_1_173' title='bbox 75 2235 149 2291; x_wconf 91' lang='lat' dir='ltr'><strong>Cum</strong></span> <span class='ocrx_word' id='word_1_174' title='bbox 165 2236 260 2310; x_wconf 89' lang='lat' dir='ltr'><strong>Ceyce</strong></span> <span class='ocrx_word' id='word_1_175' title='bbox 274 2254 335 2292; x_wconf 87' lang='lat' dir='ltr'><strong>suo.</strong></span> <span class='ocrx_word' id='word_1_176' title='bbox 377 2236 504 2292; x_wconf 85' lang='lat' dir='ltr'><strong>Solantia</strong></span> <span class='ocrx_word' id='word_1_177' title='bbox 517 2236 627 2293; x_wconf 85' lang='lat' dir='ltr'><strong>tollite⁸</strong></span> <span class='ocrx_word' id='word_1_178' title='bbox 640 2240 735 2295; x_wconf 84' lang='lat' dir='ltr'><strong>verba.</strong></span> 
     </span>
    </p>

    <p class='ocr_par' dir='ltr' id='par_1_26' title="bbox 75 2312 832 2394">
     <span class='ocr_line' id='line_1_28' title="bbox 75 2312 832 2394; baseline 0.012 -27"><span class='ocrx_word' id='word_1_179' title='bbox 75 2312 236 2388; x_wconf 85' lang='lat' dir='ltr'><strong>Naufragus</strong></span> <span class='ocrx_word' id='word_1_180' title='bbox 249 2313 363 2370; x_wconf 87' lang='lat' dir='ltr'><strong>interiit.</strong></span> <span class='ocrx_word' id='word_1_181' title='bbox 404 2314 479 2382; x_wconf 92' lang='lat' dir='ltr'><strong>Vidi,</strong></span> <span class='ocrx_word' id='word_1_182' title='bbox 493 2315 661 2391; x_wconf 86' lang='lat' dir='ltr'><strong>agnovique,</strong></span> <span class='ocrx_word' id='word_1_183' title='bbox 675 2336 832 2394; x_wconf 89' lang='lat' dir='ltr'><strong>manusque</strong></span> 
     </span>
    </p>

    <p class='ocr_par' dir='ltr' id='par_1_27' title="bbox 75 2391 917 2468">
     <span class='ocr_line' id='line_1_29' title="bbox 75 2391 917 2468; baseline 0.013 -21"><span class='ocrx_word' id='word_1_184' title='bbox 75 2391 124 2448; x_wconf 88' lang='lat' dir='ltr'><strong>Ad</strong></span> <span class='ocrx_word' id='word_1_185' title='bbox 139 2391 341 2460; x_wconf 88' lang='lat' dir='ltr'><strong>discedentem,</strong></span> <span class='ocrx_word' id='word_1_186' title='bbox 356 2393 474 2468; x_wconf 85' lang='lat' dir='ltr'><strong>cupiens</strong></span> <span class='ocrx_word' id='word_1_187' title='bbox 486 2394 616 2464; x_wconf 89' lang='lat' dir='ltr'><strong>retinere,</strong></span> <span class='ocrx_word' id='word_1_188' title='bbox 631 2397 749 2454; x_wconf 89' lang='lat' dir='ltr'><strong>tetendi.</strong></span> <span class='ocrx_word' id='word_1_189' title='bbox 914 2454 917 2458; x_wconf 17' lang='grc' dir='ltr'><em>Α</em></span> 
     </span>
    </p>

    <p class='ocr_par' dir='ltr' id='par_1_28' title="bbox 75 2471 901 2553">
     <span class='ocr_line' id='line_1_30' title="bbox 75 2471 901 2553; baseline 0.008 -25"><span class='ocrx_word' id='word_1_190' title='bbox 75 2471 185 2528; x_wconf 90' lang='lat' dir='ltr'><strong>Umbra</strong></span> <span class='ocrx_word' id='word_1_191' title='bbox 197 2471 271 2530; x_wconf 82' lang='lat' dir='ltr'><strong>fuit:</strong></span> <span class='ocrx_word' id='word_1_192' title='bbox 291 2472 385 2530; x_wconf 88' lang='lat' dir='ltr'><strong>sedet</strong></span> <span class='ocrx_word' id='word_1_193' title='bbox 399 2475 499 2531; x_wconf 87' lang='lat' dir='ltr'><strong>umbra</strong></span> <span class='ocrx_word' id='word_1_194' title='bbox 513 2484 609 2531; x_wconf 90' lang='lat' dir='ltr'><strong>tamen</strong></span> <span class='ocrx_word' id='word_1_195' title='bbox 622 2474 780 2544; x_wconf 84' lang='lat' dir='ltr'><strong>manifesta,</strong></span> <span class='ocrx_word' id='word_1_196' title='bbox 794 2476 901 2553; x_wconf 81' lang='lat' dir='ltr'><strong>virique</strong></span> 
     </span>
    </p>
   </div>
   <div class='ocr_carea' id='block_1_4' title="bbox 34 2627 925 2946">
    <p class='ocr_par' dir='ltr' id='par_1_29' title="bbox 34 2627 925 2946">
     <span class='ocr_line' id='line_1_31' title="bbox 103 2627 920 2697; baseline 0.009 -21"><span class='ocrx_word' id='word_1_197' title='bbox 103 2627 110 2656; x_wconf 94' lang='lat'>¹</span> <span class='ocrx_word' id='word_1_198' title='bbox 123 2631 180 2676; x_wconf 85' lang='lat' dir='ltr'><strong>Noli</strong></span> <span class='ocrx_word' id='word_1_199' title='bbox 188 2632 320 2689; x_wconf 82' lang='lat' dir='ltr'><strong>promittere</strong></span> <span class='ocrx_word' id='word_1_200' title='bbox 331 2649 366 2678; x_wconf 85' lang='lat' dir='ltr'><strong>me</strong></span> <span class='ocrx_word' id='word_1_201' title='bbox 376 2633 500 2697; x_wconf 76' lang='lat' dir='ltr'><strong>libisalsae,</strong></span> <span class='ocrx_word' id='word_1_202' title='bbox 517 2631 549 2679; x_wconf 90' lang='lat' dir='ltr'><strong>do</strong></span> <span class='ocrx_word' id='word_1_203' title='bbox 560 2641 603 2678; x_wconf 83' lang='lat' dir='ltr'><strong>not</strong></span> <span class='ocrx_word' id='word_1_204' title='bbox 612 2633 714 2691; x_wconf 84' lang='lat' dir='ltr'><strong>promise</strong></span> <span class='ocrx_word' id='word_1_205' title='bbox 729 2647 768 2680; x_wconf 87' lang='lat' dir='ltr'><strong>me</strong></span> <span class='ocrx_word' id='word_1_206' title='bbox 779 2642 804 2680; x_wconf 90' lang='lat' dir='ltr'><strong>to</strong></span> <span class='ocrx_word' id='word_1_207' title='bbox 814 2635 869 2681; x_wconf 84' lang='lat' dir='ltr'><strong>thee</strong></span> <span class='ocrx_word' id='word_1_208' title='bbox 878 2634 920 2683; x_wconf 80' lang='lat' dir='ltr'><strong>de·</strong></span> 
     </span>
     <span class='ocr_line' id='line_1_32' title="bbox 72 2691 919 2754; baseline 0.009 -18"><span class='ocrx_word' id='word_1_209' title='bbox 72 2691 170 2745; x_wconf 73' lang='lat' dir='ltr'><strong>ceived3</strong></span> <span class='ocrx_word' id='word_1_210' title='bbox 187 2693 218 2738; x_wconf 92' lang='lat' dir='ltr'><strong>do</strong></span> <span class='ocrx_word' id='word_1_211' title='bbox 235 2702 277 2737; x_wconf 93' lang='lat' dir='ltr'><strong>not</strong></span> <span class='ocrx_word' id='word_1_212' title='bbox 292 2696 408 2740; x_wconf 86' lang='lat' dir='ltr'><strong>entertain</strong></span> <span class='ocrx_word' id='word_1_213' title='bbox 425 2710 439 2740; x_wconf 84' lang='lat' dir='ltr'><strong>a</strong></span> <span class='ocrx_word' id='word_1_214' title='bbox 455 2695 512 2740; x_wconf 81' lang='lat' dir='ltr'><strong>salse</strong></span> <span class='ocrx_word' id='word_1_215' title='bbox 524 2697 585 2754; x_wconf 85' lang='lat' dir='ltr'><strong>hope</strong></span> <span class='ocrx_word' id='word_1_216' title='bbox 596 2696 624 2741; x_wconf 87' lang='lat' dir='ltr'><strong>of</strong></span> <span class='ocrx_word' id='word_1_217' title='bbox 631 2711 671 2754; x_wconf 87' lang='lat' dir='ltr'><strong>my</strong></span> <span class='ocrx_word' id='word_1_218' title='bbox 683 2704 771 2741; x_wconf 84' lang='lat' dir='ltr'><strong>return.</strong></span> <span class='ocrx_word' id='word_1_219' title='bbox 802 2696 919 2754; x_wconf 61' lang='lat' dir='ltr'><strong>&#39;Aucton</strong></span> 
     </span>
     <span class='ocr_line' id='line_1_33' title="bbox 60 2753 920 2818; baseline 0.014 -23"><span class='ocrx_word' id='word_1_220' title='bbox 60 2767 207 2816; x_wconf 77' lang='lat' dir='ltr'><strong>messengen</strong></span> <span class='ocrx_word' id='word_1_221' title='bbox 244 2753 549 2818; x_wconf 78' lang='lat' dir='ltr'><strong>&#39;Indroelugobric,puton</strong></span> <span class='ocrx_word' id='word_1_222' title='bbox 559 2758 705 2818; x_wconf 85' lang='lat' dir='ltr'><strong>mouruings.</strong></span> <span class='ocrx_word' id='word_1_223' title='bbox 737 2757 860 2806; x_wconf 72' lang='lat' dir='ltr'><strong>‘Inoniar</strong></span> <span class='ocrx_word' id='word_1_224' title='bbox 876 2760 920 2807; x_wconf 80' lang='lat' dir='ltr'><strong>See</strong></span> 
     </span>
     <span class='ocr_line' id='line_1_34' title="bbox 34 2817 925 2889; baseline 0.011 -32"><span class='ocrx_word' id='word_1_225' title='bbox 34 2823 113 2889; x_wconf 59' lang='lat' dir='ltr'><strong>&#39;page</strong></span> <span class='ocrx_word' id='word_1_226' title='bbox 124 2821 166 2862; x_wconf 79' lang='lat'><strong>81.</strong></span> <span class='ocrx_word' id='word_1_227' title='bbox 182 2817 253 2866; x_wconf 79' lang='lat' dir='ltr'><strong>Note</strong></span> <span class='ocrx_word' id='word_1_228' title='bbox 264 2824 286 2867; x_wconf 78' lang='grc'><strong>2.</strong></span> <span class='ocrx_word' id='word_1_229' title='bbox 312 2820 323 2848; x_wconf 79' lang='lat'><strong><em>⁵</em></strong></span> <span class='ocrx_word' id='word_1_230' title='bbox 334 2818 455 2885; x_wconf 85' lang='lat' dir='ltr'><strong>(Vocem)</strong></span> <span class='ocrx_word' id='word_1_231' title='bbox 466 2823 506 2869; x_wconf 79' lang='lat' dir='ltr'><strong>eui</strong></span> <span class='ocrx_word' id='word_1_232' title='bbox 514 2820 625 2883; x_wconf 77' lang='lat' dir='ltr'><strong>conjugit.</strong></span> <span class='ocrx_word' id='word_1_233' title='bbox 649 2819 660 2846; x_wconf 78' lang='lat'>⁸</span> <span class='ocrx_word' id='word_1_234' title='bbox 674 2823 765 2869; x_wconf 67' lang='lat' dir='ltr'><strong>Potens,</strong></span> <span class='ocrx_word' id='word_1_235' title='bbox 773 2821 925 2882; x_wconf 63' lang='lat' dir='ltr'><strong>grasp’mgst</strong></span> 
     </span>
     <span class='ocr_line' id='line_1_35' title="bbox 50 2873 785 2946; baseline -0.014 -10"><span class='ocrx_word' id='word_1_236' title='bbox 50 2873 156 2924; x_wconf 62' lang='lat' dir='ltr'><strong>laam</strong></span> <span class='ocrx_word' id='word_1_237' title='bbox 165 2879 287 2944; x_wconf 65' lang='lat' dir='ltr'><strong>(Ceyca).</strong></span> <span class='ocrx_word' id='word_1_238' title='bbox 325 2886 338 2916; x_wconf 84' lang='lat'><strong>¹</strong></span> <span class='ocrx_word' id='word_1_239' title='bbox 350 2889 447 2946; x_wconf 73' lang='lat' dir='ltr'><strong>Tollere,</strong></span> <span class='ocrx_word' id='word_1_240' title='bbox 459 2885 521 2936; x_wconf 77' lang='lat' dir='ltr'><strong>take</strong></span> <span class='ocrx_word' id='word_1_241' title='bbox 532 2899 600 2946; x_wconf 78' lang='lat' dir='ltr'><strong>ancy</strong></span> <span class='ocrx_word' id='word_1_242' title='bbox 613 2901 622 2941; x_wconf 84' lang='grc'><strong>·,</strong></span> <span class='ocrx_word' id='word_1_243' title='bbox 637 2896 703 2943; x_wconf 70' lang='lat' dir='ltr'><strong>osuay</strong></span> <span class='ocrx_word' id='word_1_244' title='bbox 716 2880 785 2926; x_wconf 70' lang='lat' dir='ltr'><strong>utta.</strong></span> 
     </span>
    </p>
   </div>
   <div class='ocr_carea' id='block_1_5' title="bbox 0 0 960 3082">
    <p class='ocr_par' dir='ltr' id='par_1_30' title="bbox 0 0 960 3082">
     <span class='ocr_line' id='line_1_36' title="bbox 0 0 960 3082; baseline 0 1"><span class='ocrx_word' id='word_1_245' title='bbox 0 0 960 3082; x_wconf 95' lang='lat' dir='ltr'><strong> </strong></span> 
     </span>
    </p>
   </div>
   <div class='ocr_carea' id='block_1_6' title="bbox 115 3036 216 3054">
    <p class='ocr_par' dir='ltr' id='par_1_31' title="bbox 115 3036 216 3054">
     <span class='ocr_line' id='line_1_37' title="bbox 115 3036 216 3054; baseline 0 0"><span class='ocrx_word' id='word_1_246' title='bbox 115 3036 216 3054; x_wconf 58' lang='grc'><strong>*-</strong></span> 
     </span>
    </p>
   </div>
  </div>
 </body>
</html>
