1912 3082
144 118 170 156 Ν
187 127 189 133 ’
445 117 489 156 AD
510 117 684 167 LECTOREM·

71 269 77 278 ’
143 276 279 351 gemmus,
294 275 395 334 iterum
410 276 438 332 in
459 276 552 335 lucem
572 277 684 353 prodire
708 277 797 354 magis
817 289 945 337 ornatam

69 404 71 411 .
143 367 313 423 accuratam,
329 355 450 420 libenter
463 374 616 432 speramus.
657 355 780 426 Notulae,
801 357 938 415 adimam

142 434 236 510 ginam
250 436 394 510 subjectae,
409 435 501 510 priore
514 434 543 490 in
557 445 636 511 parte
650 435 798 500 auctiores,
820 435 849 492 in
862 449 945 512 poste

142 531 172 570 re
187 511 271 570 nullae
285 524 350 570 sunt
362 536 369 580 ;
383 531 453 589 quas
466 513 580 590 quidem
595 533 630 571 eo
644 514 761 572 consilio
784 514 938 584 omisimus,

142 591 211 647 dum
225 591 370 650 iudustriae
382 592 478 649 auxilii
493 604 578 669 atque
591 592 767 650 incitamenti
780 593 886 670 aliquid
900 595 954 652 affe

72 693 74 696 ⁴
142 671 269 740 velimus,
283 669 392 729 inertiae
416 670 533 728 subsidii
559 671 642 729 nimis
664 682 820 748 praestetur.
862 673 950 736 Quaed

141 747 169 805 in
184 749 277 807 indice
290 752 328 807 ab
341 750 467 808 honestis
481 749 582 807 studiis
592 769 650 806 non
660 749 840 809 abhorrentia
852 750 920 810 hinc
933 771 955 808 ι.

72 844 75 881 4
140 827 303 904 attigimus;
317 828 353 886 de
366 829 492 888 moribus
503 838 599 886 autem
619 828 736 886 deorum
756 828 872 886 omnino
893 830 955 887 silet

77 915 93 950 ³
139 910 290 984 propterea
303 907 457 984 quod,non
478 905 616 976 modoin
637 919 704 965 voto
718 919 788 976 erat,
810 918 843 965 ut
867 908 950 966 disci

70 983 85 1061 ζ’
118 1005 126 1026 ²
140 985 228 1062 nostri
242 986 408 1044 docuinam
422 985 505 1044 bonis
514 984 601 1043 literis
610 985 679 1044 culti
690 997 720 1044 et
730 985 848 1062 expoliti
862 987 948 1044 enit

140 1065 190 1124 sed
204 1064 233 1122 in
247 1064 343 1145 primis
358 1080 454 1122 curam
468 1062 630 1136 habuimus,
651 1075 684 1122 ut
704 1064 813 1122 animos
826 1076 951 1141 castosp

69 1177 71 1181 ·
139 1163 227 1222 osque
241 1153 359 1215 teneant
370 1167 378 1212 ;
389 1154 487 1220 utque,
501 1142 560 1201 vitai
573 1142 602 1199 in
617 1142 753 1219 religione
764 1163 835 1212 μονον
850 1160 922 1220 toccu

139 1223 269 1300 peracta,-
290 1222 494 1299 per·ejusdem
514 1221 603 1278 filium
623 1221 801 1298 unigenitum
824 1231 906 1300 Kvgur
919 1231 955 1289 Ιη

139 1311 237 1379 xgrorov
250 1323 289 1359 τον
301 1319 398 1378 uorago
418 1300 486 1369 ἡμων
496 1299 634 1358 felicitate
654 1301 765 1358 summa
778 1312 808 1358 et
827 1300 917 1378 sempi
936 1328 941 1335 ·

138 1379 167 1436 in
181 1380 255 1439 coelo
268 1378 456 1457 perfruantur.

180 1459 352 1535 Ubicunque
375 1456 440 1515 libri
463 1475 549 1514 mauu
564 1455 660 1532 scripti
674 1467 704 1514 et
725 1456 864 1516 editiones
876 1476 941 1515 rece

139 1556 202 1596 ores
212 1537 286 1596 inter
299 1556 330 1595 se
340 1535 510 1612 discrepant,
520 1554 557 1593 ex
566 1535 649 1592 variis
662 1534 833 1594 lectionibus
843 1536 919 1613 quod
952 1562 956 1585 ·

138 1616 249 1674 cinniuo
261 1615 400 1684 videatur,
413 1613 458 1671 vel
472 1614 510 1672 ad
523 1612 713 1690 praecedentia
732 1625 763 1672 et
782 1614 929 1691 sequentia
955 1656 956 1662 κ

138 1695 273 1765 curatius,
296 1703 394 1752 nostro
408 1691 511 1752 saltem
529 1691 647 1770 judicio,
668 1693 847 1770 respondeat,
872 1703 943 1769 praet

138 1793 219 1843 mum
232 1773 284 1833 sed
297 1771 443 1850 ingenium
462 1770 546 1830 nobis
565 1770 707 1830 mediocre
728 1789 904 1842 concessum,
918 1770 955 1829 ha

139 1851 388 1912 estinfloiandum.
