1912 3082
66 124 121 181 116
365 128 616 177 METAMORPH.

64 264 138 321 Haec
151 261 264 354 qudque
281 272 356 321 terra
375 273 480 340 potest,
500 263 578 341 quod
594 279 683 331 ames,
704 261 782 320 dare.
824 261 909 329 Vivat,

142 341 241 399 anille

63 419 196 488 Occidet,
210 420 240 475 in
255 420 310 477 Dis
324 430 368 478 est
379 424 405 477 ¹2
425 420 501 477 vivat
514 429 628 487 tamem
648 419 733 495 idque
745 417 856 495 precari

62 497 118 556 vel
133 499 193 556 sine
206 517 303 556 amore
316 500 393 556 licet.
434 499 511 562 Quid
521 498 597 556 enim
607 497 750 555 commisit
764 496 875 555 Iiisoui’
952 530 954 561 :

63 578 158 641 Quam
173 576 225 634 nisi
240 577 383 634 crudelem
397 595 454 633 non
466 588 566 652 tangat
579 576 689 634 Iiisonis
701 586 780 644 aetas,
927 634 930 639 ,

65 655 105 713 Et
117 675 216 732 genus,
231 666 261 713 et
274 656 385 713 virtus?
402 674 487 731 quam
498 675 564 724 non,
579 666 612 713 ut
626 665 728 713 oaetera
742 654 846 723 desint,

64 735 166 792 Forma
179 751 292 790 movere
303 735 421 808 potest?
442 734 520 791 certe
534 753 598 791 mea
611 744 729 810 pectora
741 733 840 791 movit.

64 813 115 879 At,
128 812 181 868 nisi
194 831 279 888 opem
292 812 393 881 tulero,
408 823 553 869 taurorum
567 812 707 870 afflabitur
720 829 770 869 ore
779 815 810 880 ²3

65 891 278 966 Concurretque
289 910 348 948 suoe
362 892 460 967 segeti,
476 891 577 949 tellure
591 891 693 949 creatis
874 890 909 947 8⁰

65 969 222 1036 Hostibus;
242 979 294 1027 aut
306 970 389 1028 avido
401 970 515 1028 dabitur
528 971 588 1028 fera
600 969 696 1047 praeda
708 967 836 1026 draconi.

65 1048 133 1106 Hoc
147 1067 201 1124 ego
216 1048 239 1105 si
253 1049 353 1125 patiar,
368 1061 431 1108 tum
442 1068 489 1107 me
503 1050 539 1106 de
553 1048 655 1124 tigride
668 1057 775 1115 natam,

66 1127 142 1185 Tum
155 1128 260 1184 ferrum
274 1138 304 1185 et
318 1130 451 1206 scopulos
464 1139 575 1204 gestare
588 1127 618 1183 in
632 1127 727 1194 corde,
741 1125 863 1184 fatebor.

66 1207 125 1264 Cur
139 1226 196 1262 non
211 1216 241 1262 et
255 1217 353 1283 specto
367 1206 556 1284 pereuntem?
576 1205 731 1281 oculosque
744 1203 868 1262 videndo
951 1220 954 1225 ·

66 1285 259 1342 Conscelero?
280 1303 330 1341 cur
340 1304 397 1343 non
411 1297 506 1342 tauros
520 1283 654 1343 exhortor
665 1283 695 1340 in
708 1283 799 1351 illum,

66 1362 290 1438 Terrigenasque
301 1363 384 1433 feros,
399 1362 608 1439 insopitumque
622 1361 800 1420 draconem?
940 1430 943 1435 .

65 1440 107 1499 Di
121 1440 238 1498 meliora
251 1441 348 1498 velint.
389 1444 559 1517 Quanquam
572 1461 630 1499 non
643 1442 698 1499 ista
711 1440 865 1516 precanda,

68 1519 125 1577 Sed
140 1519 271 1576 facienda
282 1520 359 1577 mihi.
400 1521 560 1578 Prodamne
575 1539 629 1597 ego
642 1538 730 1596 regna
743 1519 878 1596 parentis,

67 1600 165 1675 Atque
179 1617 233 1675 ope
244 1599 340 1656 nescio
355 1599 417 1676 quis
431 1599 588 1657 servabitur
600 1600 728 1656 advena³
741 1598 848 1668 nostri,

67 1677 118 1745 Ut,
133 1697 184 1754 per
195 1696 242 1735 me
256 1696 363 1754 sospes,
378 1679 438 1736 sine
451 1697 498 1736 me
512 1678 562 1735 det
574 1678 663 1735 lintea
675 1678 776 1746 ventis,
877 1676 916 1733 4⁰
944 1748 947 1753 ι

67 1756 173 1832 Virque
187 1757 224 1814 sit
237 1757 390 1816 alterius⁴:
410 1777 503 1834 poenae
517 1757 623 1814 Medea
635 1755 800 1832 relinquar?
947 1756 951 1763 '

69 1835 99 1892 Si
112 1836 206 1893 facere
219 1836 284 1905 hoc,
299 1836 418 1895 aliamve
431 1846 527 1913 potest
539 1853 701 1911 praeponere
715 1833 807 1904 nobis,

68 1913 191 1972 Occidet
205 1915 341 1991 ingratus.
383 1916 441 1973 Sed
454 1934 511 1971 non
523 1914 547 1970 is
560 1915 654 1971 vultus
668 1913 697 1969 in
710 1913 769 1982 illo,

67 1991 135 2049 Non
150 2013 184 2050 ea
197 1994 331 2050 nobilitas
345 1994 440 2050 animo
455 2003 506 2060 est,
522 2011 557 2050 ea
569 1993 660 2068 gratia
671 1991 778 2060 formae‚

68 2070 110 2128 Ut
125 2072 240 2127 timeam
254 2072 391 2140 fraudem,
406 2070 555 2145 meritique
568 2071 672 2128 oblivia
685 2070 783 2126 nostri.

68 2147 108 2206 Et
122 2149 201 2205 dabit
216 2150 283 2205 ante
297 2148 401 2216 fidem;
422 2167 580 2223 cogamque
593 2149 622 2205 in
635 2148 743 2206 foedera
756 2158 846 2207 testea

68 2225 140 2284 Esse
152 2228 240 2283 Deos.
275 2226 352 2290 Quid
364 2236 427 2284 tuta
436 2226 555 2283 times⁵P
575 2227 724 2302 accingere
730 2230 752 2296 θ,
766 2237 797 2285 et
805 2244 919 2286 omnm

67 2303 146 2363 Pelle
159 2323 276 2361 moram.
317 2305 383 2363 Tibi
397 2324 428 2363 se
441 2324 552 2381 semper
566 2305 683 2363 debebit
696 2306 800 2374 liison;

98 2445 105 2474 ¹
117 2448 162 2493 Est
173 2448 197 2492 in
209 2448 270 2501 Diis,
288 2446 307 2492 it
317 2445 338 2492 is
348 2447 373 2493 in
392 2449 433 2495 the
452 2462 531 2505 power
545 2447 574 2492 of
586 2448 626 2493 tha
642 2445 717 2508 gods;
733 2446 754 2492 it
764 2445 871 2505 depende
886 2460 919 2495 oa

65 2510 106 2556 tha
116 2509 182 2570 gods.
209 2509 219 2537 2
231 2511 282 2564 Ore,
294 2512 375 2570 hythe
385 2513 477 2564 mouth,
488 2527 522 2565 or,
532 2511 564 2570 by
574 2511 614 2557 the
624 2511 705 2556 breath
714 2526 722 2567 ς
737 2509 795 2570 they
804 2508 920 2559 bresthad

65 2573 122 2620 fira:
144 2572 188 2618 See
206 2571 286 2618 lisou.
320 2572 330 2601 ⁸
339 2576 445 2627 Aduena,
457 2576 473 2620 i.
488 2589 507 2620 e.
518 2575 597 2621 Iason.
628 2571 639 2600 ⁴
649 2575 683 2620 Sit
695 2575 730 2619 uir
745 2574 842 2619 atterius
853 2575 920 2636 (mu-

65 2633 149 2694 lieris),
159 2637 255 2681 become
262 2636 303 2680 the
310 2636 418 2683 husband
426 2636 455 2682 oi
461 2636 559 2681 another
567 2651 663 2682 woman.
685 2634 766 2686 ⁵outd
773 2637 840 2682 times
848 2634 918 2685 msa?

66 2699 121 2759 why
132 2707 168 2744 urt
179 2699 237 2743 thou
249 2697 326 2744 afraid
336 2700 405 2744 when
415 2698 446 2745 ali
458 2697 478 2744 is
486 2697 551 2744 saie?
567 2696 712 2758 ‘Accingdre
720 2695 764 2760 (ad
773 2698 837 2744 Para
847 2696 916 2760 Smg.

46 2758 144 2871 ⁸19qu
137 2761 203 2873 {daea
205 2757 226 2820 ),
237 2762 267 2810 be
275 2761 333 2809 thou
342 2760 516 2824 propendeat.
523 2767 549 2809 to
556 2760 658 2808 matruct
665 2758 821 2808 madtonmt
831 2758 915 2809 licon:

81 2837 97 2868 θ
172 2830 208 2874 ἔα.

108 3008 141 3036 Δ
245 3014 257 3036 a
