1912 3082
61 143 118 199 136
368 138 628 192 ΜΕΤΑΜΟΒΡΗ.’

59 283 95 341 In
109 283 225 340 Danaas
239 272 365 338 classest
384 279 436 339 ubi
449 299 527 338 nunc
540 279 680 337 facundus
693 277 841 354 Ulysses?
907 282 912 288 “

60 362 174 437 Nempe
188 378 242 436 ego
255 359 333 418 mille
345 379 410 418 meo
424 359 536 437 protexi
549 369 665 436 pectore
679 375 800 434 puppes,

61 439 148 516 Spem
161 439 246 496 vestri
258 439 375 497 rediths.
410 441 488 497 Date
502 449 546 496 tot
557 457 608 515 pro
620 437 740 495 navibus
753 454 844 494 arma.

60 519 148 584 Quod
162 518 185 576 si
198 537 266 576 vera
279 515 348 575 lieet
361 517 430 574 mihi
444 518 555 584 dicere;
575 516 710 593 quaeritur
722 514 793 583 istis,
842 519 915 590 [ests

61 599 156 662 Quam
170 598 246 666 mihi,
261 601 351 674 major
364 597 473 662 honos;
494 600 704 672 conjunctaque
717 594 808 670 gloria
820 605 917 653 nostra

61 679 160 754 Atque
174 678 249 753 Ajax
262 676 355 744 armis,
370 695 428 731 non
442 675 525 752 Ajaci
537 693 616 732 arma
628 684 775 750 petuntur.

103 755 239 814 Conferat
250 755 294 812 his
304 754 421 811 Ithacus
431 753 569 821 Rhesum,
579 753 782 828 imbellemque
793 753 917 821 Dolona,

62 834 280 909 Priamidenque
295 832 441 890 Helenum
454 834 616 908 raptarum
632 832 750 890 Pallade
764 843 892 910 captum.

62 914 144 971 Luce
157 912 227 969 nihil
238 923 361 988 gestum,
374 911 442 968 nihil
454 921 498 969 est
511 911 653 969 Diomede
665 921 786 968 remoto.
864 912 917 968 loo

65 993 95 1051 Si
106 991 194 1050 semel
206 991 261 1049 ista
270 991 344 1049 datis
354 990 462 1049 meritis
473 1001 533 1048 tam
543 991 647 1048 vilibus
657 1009 752 1057 arma;

63 1070 201 1139 Dividite,
214 1082 244 1129 et
257 1074 347 1148 major
360 1090 425 1147 pars
438 1070 475 1127 sit
489 1069 639 1128 Diomedis
653 1070 682 1126 in
695 1069 759 1126 illis.

64 1150 130 1215 Quo
145 1160 242 1207 tamen
252 1150 314 1207 haec
328 1149 454 1207 Ithaco?
473 1149 613 1226 quiclam,
623 1149 671 1224 qui
681 1167 793 1225 semper
806 1147 919 1206 inermia

66 1229 141 1287 Rem
155 1228 236 1304 gerit,
251 1239 281 1286 et
294 1228 376 1286 furtis
390 1228 536 1285 incautum
550 1228 657 1304 decipit
670 1227 806 1284 hostem?

64 1308 130 1384 Ipse
142 1308 217 1364 nitor
230 1308 320 1382 galeae
333 1307 410 1364 claro
423 1307 559 1365 radiantis
572 1309 610 1364 ab
623 1325 692 1364 auro

64 1384 185 1443 Insidias
198 1386 308 1461 prodet,
323 1385 572 1461 manifestabitque
585 1385 733 1444 latentem.

66 1464 124 1523 Sed
135 1482 227 1539 neque
241 1463 392 1521 Dulichius
406 1466 460 1522 sub
476 1463 597 1521 Achillis
611 1464 720 1522 casside
731 1473 831 1522 vertex

67 1543 199 1602 Pondere
212 1553 293 1600 tanta
305 1543 386 1600 feret.
421 1543 485 1600 Nec
498 1562 556 1599 non
570 1561 690 1600 onerosa
703 1542 853 1620 gravisque

67 1622 161 1681 Pelias
172 1640 234 1680 esse
248 1632 344 1699 potest
354 1622 517 1680 imbellibus
528 1623 611 1680 hasta
624 1622 746 1680 lacertis.

67 1701 132 1760 Nec
146 1702 272 1778 clypeus,
285 1701 358 1759 vasti
372 1702 488 1760 caelatus
502 1701 625 1776 imagine
637 1700 744 1769 mundi,
863 1702 922 1759 110

68 1781 228 1839 Conveniet
242 1781 356 1849 timida,
369 1791 499 1858 nataeque
513 1781 550 1838 ad
559 1781 635 1837 furta
645 1780 772 1838 sinistrae.

67 1859 293 1917 Debilitaturum
304 1860 372 1936 quid
386 1871 416 1918 te
429 1860 512 1937 petis,
523 1860 660 1936 improbe,
674 1857 801 1916 munus?

69 1939 155 2003 Quod
169 1938 221 1996 tibi
235 1939 258 1995 si
272 1938 371 2015 populi
384 1939 530 1996 donaverit
545 1957 621 1996 error
635 1936 746 2005 Achivi,

69 2016 128 2074 Cur
142 2017 276 2093 spolieris,
292 2017 362 2084 erit;
382 2035 449 2083 non,
463 2035 514 2073 cur
524 2016 659 2073 metuaris
672 2017 709 2072 ab
723 2016 816 2074 hoste.

68 2094 108 2151 Et
120 2096 198 2169 fuga,
213 2096 269 2170 quia
282 2095 343 2151 solia
354 2104 482 2162 cunctos,
497 2093 681 2160 timidissime,
693 2094 791 2162 vincis,

68 2173 162 2230 Tarda
175 2172 271 2228 futura
284 2172 337 2229 tibi
350 2181 395 2230 est
405 2172 562 2248 gestamina
576 2181 656 2229 tanta
670 2171 801 2229 trahenti.

69 2251 164 2320 Adde,
173 2250 256 2326 'qudd
266 2250 320 2308 iste
332 2260 408 2320 tuus,
425 2261 483 2308 tam
497 2250 560 2308 raro
573 2250 668 2327 praelia
680 2268 789 2328 passus,

68 2330 185 2406 Integer
195 2339 238 2387 est
250 2329 386 2405 clypeum
406 2340 512 2398 nostro,
526 2330 574 2407 qui
588 2329 646 2388 tela
658 2330 776 2388 ferendo

68 2409 152 2467 Mille
162 2418 242 2484 patet
255 2409 355 2486 plagis,
369 2428 459 2467 novus
473 2421 517 2468 est
529 2429 676 2468 successor
689 2412 845 2469 habendus.

67 2488 210 2565 Denique,
220 2489 288 2565 quid
296 2488 389 2547 verbis
399 2508 471 2567 opus
482 2490 544 2548 est?
556 2501 719 2566 spectemur
726 2489 849 2566 agendo:
864 2492 922 2546 lto

69 2569 160 2626 Arma
171 2567 222 2624 viri
235 2568 316 2625 fortis
328 2569 437 2627 medios
450 2569 600 2626 mittantur
613 2570 642 2625 in
655 2569 769 2636 hostes;

67 2647 140 2705 Inde
150 2648 250 2724 jubete
261 2648 330 2723 peti,
345 2659 375 2705 et
388 2648 557 2706 referentem
571 2658 670 2705 ornate
683 2648 788 2705 relatis.

102 2726 232 2785 Idnierat
248 2726 404 2785 Telamone
418 2738 513 2794 sotus3
529 2727 662 2802 vulgique
676 2737 806 2784 secutum

47 2801 163 2864 Illama
178 2818 412 2868 murmuraret:
434 2808 532 2867 donec
540 2805 680 2864 Laertius
686 2805 777 2860 heros

26 2878 173 2956 Adstitit,
188 2899 287 2971 atque
302 2891 415 2954 oculos
431 2889 559 2972 paulum
570 2884 681 2945 tellure
693 2889 824 2936 moratos
