1912 3082
95 119 153 175 100
394 118 646 172 mummolam.
664 118 667 123 ’

92 259 211 317 Lamina
224 259 353 328 dissiluit,
368 259 531 337 dominique
541 257 576 317 in'
584 269 698 335 gutture
711 257 769 316 fixa
782 272 835 316 est.

93 338 159 395 Non
172 340 316 396 tamen-ad
329 339 418 397 letum
432 359 531 397 causas
545 340 612 397 satis
625 338 674 395 illa
686 337 813 395 valentes

92 417 181 493 Plaga
195 418 290 475 dedit:
310 419 451 494 trepidum
465 420 585 477 Perseus
598 428 627 475 et
641 417 758 474 inermia
769 416 873 474 frustra

93 496 215 554 Brachia
225 497 390 555 tendentem
406 498 554 574 Cyllenide
568 496 695 554 confodit
705 497 801 571 harpe.

131 575 240 633 Verum
252 577 302 634 ubi
315 577 447 633 virtutem
461 578 551 632 turbae
565 576 767 633 succumberel
782 574 861 642 vidit,

91 655 247 723 Auxilium,
264 655 391 723 Perseus,
406 654 538 730 quoniam
553 654 593 710 sic
608 654 708 729 cogitis
720 653 772 728 ipsi
781 656 801 722 ²,

90 733 182 801 Dixit,
196 736 233 790 ab
246 734 329 790 hoste
342 743 448 808 petam.
483 732 588 790 Vultus
602 732 719 790 avertite
733 743 850 800 vestros,

92 813 122 869 si
137 812 198 889 quis
211 812 319 868 amicus
329 812 426 878 adest;
446 821 476 868 et
488 811 630 888 Gorgonis
644 811 747 868 extulit
761 830 819 867 ora.
884 812 920 868 18

91 893 192 954 Quaere
204 891 299 959 aliurn,
312 900 363 947 tua
380 909 464 966 quem
476 901 609 948 moveant
620 891 763 957 miracula,
779 889 851 947 dixit

91 969 262 1028 Thescelus:
280 961 369 1046 utque
381 988 467 1026 mauu
482 970 608 1047 J'aculum
622 969 708 1026 fatale
717 969 837 1044 parabat

89 1047 217 1113 Mittere,
232 1049 260 1104 in
271 1049 327 1105 hoc
338 1049 420 1105 haesit
434 1048 544 1124 signum
559 1049 595 1105 de
608 1066 747 1104 marmore
760 1057 853 1122 gestu.

90 1128 240 1185 Proximus
252 1128 320 1185 huic
331 1129 448 1203 Ampyx
461 1127 546 1184 animi
559 1126 722 1202 plenissima
735 1126 831 1201 magni

90 1206 211 1264 Pectora
223 1207 360 1282 Lyncidae
373 1206 467 1282 gladio
477 1205 566 1281 petits
586 1205 671 1281 inque
682 1205 806 1280 petendo

89 1283 219 1342 Dextera
232 1285 354 1359 diriguit,
369 1303 423 1343 nec
436 1284 506 1341 citra
519 1294 606 1353 mota,
621 1303 674 1340 nec
688 1283 770 1341 ultrei.

90 1364 133 1419 At
147 1363 254 1430 Nileus,
269 1363 318 1438 qui
332 1381 362 1419 se
375 1363 502 1438 genitum
517 1363 701 1439 septemplice
711 1362 779 1419 Nilo

89 1439 251 1498 Ementitus
265 1451 334 1509 erat,
349 1441 450 1517 clypeo
464 1440 577 1516 qudque
591 1442 708 1498 flumina
721 1451 832 1518 septem

90 1520 219 1594 Argento
233 1519 344 1596 partim,
357 1519 460 1596 partim
470 1519 617 1578 celaverat
631 1539 709 1589 auro,

89 1599 225 1674 Adspice,
238 1599 285 1667 ait,
302 1599 415 1668 Perseu,
430 1608 533 1656 nostrae
545 1598 697 1676 primordia
708 1597 818 1675 gentis:
884 1600 921 1655 19*

88 1675 199 1754 Magna
210 1678 283 1735 feres
296 1678 397 1735 tacitas
411 1678 511 1736 solatia
524 1678 622 1734 mortis
635 1679 672 1735 ad
685 1679 808 1746 umbras,

92 1758 121 1814 A
134 1767 215 1814 tanto
230 1757 365 1815 cecidisse
378 1757 446 1815 viro.
489 1758 557 1815 Pars
570 1757 671 1814 ultima
682 1756 760 1814 vocis
869 1753 871 1756 ’

88 1834 123 1892 In
137 1837 231 1894 medio
245 1855 394 1912 suppressa
408 1855 478 1894 sono
490 1847 549 1904 est;
569 1837 758 1911 adapertaque
772 1831 845 1892 velle

89 1915 149 1972 Ora
161 1916 237 1990 loqui
248 1917 355 1982 credas,
376 1935 430 1972 nec
444 1927 510 1972 sunt
524 1934 558 1972 ea
569 1915 665 1991 pervia
675 1914 777 1972 verbis.

87 1993 221 2068 Increpat
234 1995 295 2063 hos,
307 1994 440 2069 Vitioque
454 1993 549 2060 animi,
564 2012 621 2049 non
636 1993 768 2062 crinibus,
779 1992 879 2068 inquit,

88 2071 247 2146 Gorgoneis
258 2072 383 2147 torpetis,
399 2072 494 2146 Eryx:
515 2072 648 2129 incurrite
662 2091 793 2138 mecum;

88 2149 127 2206 Et
140 2151 308 2226 prosternite
320 2149 398 2204 humi
410 2153 543 2224 juvenem
555 2151 667 2226 magica
676 2170 754 2208 arma
766 2159 921 2207 moventeu

86 2228 252 2284 Incursurus
265 2239 342 2295 erat;
362 2228 453 2284 tenuit
466 2229 585 2304 vestigia
598 2230 699 2296 tellus3

86 2307 280 2382 Immotusque
295 2306 372 2374 silerr,
386 2317 548 2382 armataque
562 2309 665 2364 mansit
679 2309 782 2383 imago.

127 2385 166 2442 Hi
181 2396 276 2442 tamen
291 2405 327 2441 ex
337 2385 437 2441 merito
449 2405 563 2461 poenam
574 2387 703 2444 subiere:
718 2388 855 2444 sedunus
877 2387 921 2440 20⁴

86 2464 173 2522 Miles
187 2479 247 2521 erat
259 2464 362 2532 Persei,
375 2483 494 2540 proquo
509 2464 577 2521 dum
590 2477 707 2542 pugnat,
721 2467 880 2533 Aconteus,

87 2543 220 2619 Gorgone
235 2545 395 2619 conspectis,
411 2562 479 2600 saxo
490 2545 633 2601 concrevit
645 2546 746 2602 oborto
757 2567 764 2610 ς

86 2625 180 2686 Quem
192 2633 272 2679 ratus
286 2623 429 2698 Astyages
441 2623 596 2679 etiamnum
606 2623 707 2692 vivere,
722 2624 808 2700 longo

115 2736 123 2764 ¹
136 2740 248 2783 Virtutem
256 2738 487 2789 succunrbereturboe,
498 2737 534 2782 his
543 2737 624 2783 valour
631 2753 679 2783 was
686 2736 784 2784 inferior
794 2748 819 2784 to
828 2740 868 2784 the
875 2739 921 2786 mul

47 2793 145 2900 brtpde
151 2799 227 2846 ofhis
234 2800 348 2850 enemies.
384 2799 458 2865 ’Iyrsr'
466 2803 498 2850 ric
505 2803 647 2864 cogitis,you
655 2801 891 2861 yourselrescompel
899 2818 921 2848 m

81 2869 95 2896 Ι
