1912 3082
69 132 126 188 128
370 134 622 182 METAMORPH.

67 271 176 327 Evocat
191 270 350 327 Auroram:
370 289 424 328 nec
437 288 508 327 voce
522 268 634 327 silentia
646 278 784 344 rumpunt

67 348 222 407 Sollicitive
235 367 329 417 canes,
344 348 497 407 canibusve
509 347 636 424 sagacior
646 365 739 405 anser.

65 427 133 484 Non
146 428 214 497 fera,
227 446 284 483 non
298 428 433 504 pecudes,
447 447 504 484 non
518 426 589 483 moti
602 425 717 483 flamine
729 424 811 494 rami,
855 424 910 486 GM
923 482 927 487 .

65 506 243 564 Humanaeve
258 525 359 563 sonum
372 506 495 563 reddunt
508 504 636 562 convicia
648 504 763 580 linguae.

65 584 152 642 Muta
165 585 244 662 quies
257 585 376 642 habitat
418 584 494 641 Saxo
508 594 604 640 tamen
616 583 676 641 exit
689 582 749 641 ab'
740 602 800 640 uno

66 663 388 739 RivusaquaeLethes3
407 681 557 738 perquem
572 681 637 719 curn
652 681 796 721 murmure
807 661 902 721 laben

64 741 171 799 Invitat
184 760 298 798 somnos
312 741 517 817 crepitantibus
529 741 606 797 unda
619 740 731 817 lapillis.

64 821 143 877 Ante
156 821 231 877 fores
244 819 317 876 antri
328 819 463 877 foecunda
475 839 617 895 papavera
628 820 739 888 florent,

64 898 279 974 Innumerasque
292 898 396 966 herbae,
410 917 529 974 quarum
543 898 580 956 de
591 898 685 955 lacte¹
699 917 832 973 soporem

65 976 130 1033 Nox
143 977 221 1053 legit,
236 988 266 1034 et
279 977 386 1053 spargit
397 997 447 1053 per
461 996 566 1052 opacas
578 977 696 1034 humida
710 987 807 1034 terras.

62 1055 165 1124 Janua,
180 1076 243 1132 quae
256 1074 337 1114 verso
352 1057 500 1113 stridorem
511 1056 626 1113 cardine
635 1056 745 1124 reddat,

64 1134 151 1192 Nulla
165 1136 250 1192 domo
264 1136 342 1202 totsi;
362 1146 458 1192 custos
472 1135 501 1191 in
515 1135 612 1193 limine
626 1134 730 1191 nullus.

65 1213 106 1270 At
119 1214 213 1270 medio
227 1226 306 1271 torus
318 1224 370 1282 est,
385 1215 497 1271 hebeno
511 1213 639 1271 sublimis
653 1213 682 1268 in
693 1212 764 1283 atrii,
854 1212 908 1271 61⁰

64 1291 207 1359 Plumeus,
219 1292 355 1360 unicolor,
369 1293 449 1368 pullo
461 1292 600 1349 velamine
614 1302 725 1358 tectus3
935 1304 941 1313 ‘

63 1371 128 1432 Quo
143 1369 252 1426 cubat
245 1389 305 1445 ipse
320 1371 410 1438 Deus,
421 1371 556 1427 membris
569 1370 706 1446 languore
719 1370 831 1429 solutis.
933 1384 941 1463 J·

63 1447 190 1504 Hunc
166 1466 240 1504 circa
253 1447 366 1523 passim,
380 1449 470 1505 varias
482 1448 623 1506 imitantia
634 1449 740 1506 formas

64 1526 179 1582 Somnia
190 1546 264 1584 vana
274 1531 372 1603 J'acent
383 1528 512 1595 totidem,
527 1538 597 1603 quot
609 1528 708 1585 messis
719 1528 830 1597 aristas,

64 1605 141 1662 Silva
153 1605 227 1681 gerit
239 1605 362 1675 frondes
376 1610 483 1683 eJ'ectas
493 1607 560 1664 litus
574 1626 682 1665 uenas.

103 1687 167 1748 Quo
179 1684 262 1742 simul
276 1685 397 1755 intravit,
411 1687 598 1761 manibusque
608 1685 753 1743 obstantia
766 1685 846 1762 virgo

64 1763 180 1820 Somnia
194 1764 328 1832 dimovit3
349 1765 559 1840 vestis'fulgore
569 1764 674 1821 reluxit

64 1842 150 1899 Sacra
164 1843 283 1900 domus:
304 1845 440 1920 tardique
451 1845 532 1901 Deus
545 1843 684 1919 gravitate
696 1845 826 1919 jacentes

61 1920 119 1977 Vix
134 1922 233 1978 oculos
245 1923 356 1991 tollens,
371 1923 530 1998 iterumque
541 1922 699 1998 iterumque
712 1922 853 1990 relabens,

63 1999 237 2075 Summaque
249 2002 411 2076 percutiens
425 2002 537 2058 nutanti
550 2011 668 2077 pectora
680 2011 788 2070 mento,
853 2000 908 2059 62⁰

62 2077 198 2134 Excussit
212 2079 327 2135 tandem
337 2080 391 2136 sibi
403 2099 451 2136 se:
473 2080 626 2155 cubitoque
640 2079 758 2146 levatus,

61 2155 138 2218 Quid
151 2155 255 2244 veniat,
270 2159 407 2230 cognorat
421 2157 505 2224 enim,
521 2158 646 2215 scitatur.
687 2159 731 2215 At
741 2157 808 2215 illa·

62 2234 176 2300 Somne,
191 2233 270 2323 quies
284 2252 329 2290 rer
330 2254 386 2302 um,
399 2235 597 2326 placidissime,
614 2238 727 2305 Somne,
743 2237 881 2307 Deorum.

61 2312 122 2369 Pax
136 2311 231 2402 animi,
246 2331 331 2387 quem
344 2331 412 2370 cura
424 2313 507 2390 fugit,
522 2334 570 2390 qur
563 2315 671 2372 corda
685 2315 793 2373 diurnis

60 2391 146 2447 Fessa
158 2389 318 2448 ministeriis
330 2392 448 2461 mulces,
460 2412 629 2484 reparasque
641 2394 748 2460 labori;

61 2470 185 2535 Somnia,
198 2490 261 2546 quae
271 2491 351 2530 veras
363 2482 476 2548 aequent
489 2472 665 2529 imitamine²
676 2438 792 2542 fornias,

61 2548 207 2605 Herculea
222 2550 362 2608 Trachine
374 2553 453 2628 jube,
468 2551 544 2609 sub
535 2552 658 2626 imagine
669 2552 752 2627 regis,

60 2627 232 2704 Halcyonen
247 2629 360 2698 adeant,
375 2630 580 2706 simulacraque
594 2629 730 2706 naufraga
742 2630 862 2708 fingant.

80 2783 89 2810 ¹
95 2787 179 2841 [acle
194 2785 274 2844 rniHrJ
292 2785 453 2851 miikyjuke,
465 2789 482 2836 ἱ
493 2806 513 2835 o
522 2786 831 2849 ‘Juicesresernbiingmiik¹
855 2787 908 2835 ’Δ-

29 2857 107 2902 quent
123 2853 270 2914 amiterninae,
289 2869 347 2916 may
365 2853 440 2916 equit
455 2855 490 2914 by
501 2850 644 2905 imitation
657 2862 711 2906 rna]
719 2849 785 2890 bans
797 2848 843 2889 sno
855 2854 921 2889 suo.

15 2912 202 2975 resemblance,
216 2937 250 2978 or,
264 2936 434 2984 appearance
