1912 3082
321 127 396 177 ΗΒ.
414 129 450 178 V.
470 130 551 179 PAB·
570 130 622 179 lx,
857 129 909 183 lla

67 259 157 330 Vidit;
174 272 205 321 et
218 260 323 320 indicio
335 263 458 322 reditum
471 265 593 324 crudelis
606 265 721 325 ademit.

65 338 205 416 Ingemuit
217 341 315 417 regina
329 341 425 412 Erebi,
439 353 597 420 testemque
611 345 756 420 profanam

64 416 140 476 Fecit
148 438 246 487 avem;
257 439 441 498 sparsumque
450 433 538 498 caput
547 423 784 498 Phlegethontide
793 424 909 502 lymphis

64 496 95 554 ln
106 508 239 567 rostrum,
255 510 285 556 et
294 500 415 576 plumas,
429 511 459 557 et
472 500 590 577 grandia
604 501 711 558 lumina
724 502 817 559 vertit.

63 574 111 633 Ille
123 576 180 635 sibi
193 575 307 635 ablatus
319 578 403 635 fulvis
416 578 546 636 amicitur
559 581 595 637 ab
610 578 671 646 alis,

62 652 148 731 lique
162 667 252 731 caput
266 656 376 724 crescit,
390 656 547 733 longosque
559 657 716 715 reflectitur
728 676 847 734 ungues,

62 732 172 810 Vixque
184 744 283 791 movet
295 745 377 793 natas
389 754 440 811 per
453 736 555 794 inertia
568 736 684 794 brachia
696 755 805 812 pennas
817 762 826 807 ς

61 809 204 888 Foedaque
216 813 251 869 fit
264 813 394 883 volbcris,
409 814 519 872 venturi
533 814 633 873 nuntia
646 815 750 886 luctiis,

59 888 182 967 kmvus
195 892 285 961 bubo,
299 892 391 949 dirum
404 893 570 951 mortalibus
584 912 677 951 omen.
847 898 907 952 550

335 1064 454 1124 Sirenes.
496 1085 567 1125 ran.
589 1086 630 1125 rx.

61 1205 119 1264 llio
132 1216 235 1266 tamen
248 1206 353 1265 indicio
366 1226 481 1284 poenam
493 1209 646 1285 linguaque
659 1207 747 1266 videri

60 1284 268 1345 Commeruisse
281 1296 386 1363 potest.
427 1288 526 1358 Vobis,
542 1287 723 1356 Acheloides,
739 1288 814 1345 unde

61 1362 159 1422 Pluma
172 1366 318 1442 pedesque
331 1365 433 1436 avium,
447 1367 514 1425 cirin
527 1366 641 1442 virginis
654 1385 703 1424 ora
715 1367 841 1442 geratis?

61 1445 105 1501 An
119 1443 197 1519 quia,
212 1444 279 1501 edm
293 1444 401 1521 legeret
413 1464 515 1503 vernos
530 1445 698 1521 Proserpina
710 1447 802 1516 flores,

60 1520 91 1579 In
103 1522 245 1581 comitum
258 1542 377 1581 numero
389 1524 495 1595 mixtae,
512 1524 631 1592 Sirenes,
646 1524 755 1582 eratis?

61 1602 151 1665 Quam
164 1612 317 1679 postquam
331 1613 393 1661 toto
406 1603 510 1660 frustra
523 1602 660 1679 quaesistis
673 1603 703 1659 in
716 1605 801 1670 orbe;

61 1678 192 1738 Protinus
205 1692 239 1737 ut
249 1691 371 1739 vestram
385 1681 523 1739 sentirent
536 1700 649 1757 aequora
662 1701 767 1751 curam,

60 1756 145 1816 Posse
159 1778 245 1835 super
258 1760 362 1817 fluctus
376 1761 484 1817 alarum
496 1760 625 1818 insistere
637 1760 721 1817 remis

61 1836 206 1913 Optasti„
225 1838 380 1914 facilesque
393 1840 474 1896 Deos
487 1838 634 1906 habuistis,
649 1849 679 1895 et
692 1850 770 1896 artus

60 1913 176 1975 Vidistis
188 1927 298 1975 vestros
312 1917 413 1975 subitis
426 1917 578 1975 flavescere
591 1917 701 1993 pennis.
847 1919 906 1975 560

60 1991 101 2052 Ne
115 2006 216 2052 tamen
228 1995 277 2052 ille
291 2014 385 2064 canor,
400 1995 566 2053 mulcendas
580 2006 663 2053 natus
676 1995 714 2051 ad
727 2013 808 2052 aures
819 1995 836 2063 ¹,

60 2070 209 2150 Tantaque
221 2073 275 2132 dos
288 2074 344 2131 oris
357 2074 461 2150 linguas
475 2073 642 2150 deperderet
655 2093 747 2143 usum,

59 2149 183 2229 Virginei
197 2152 301 2220 vultus,
313 2162 343 2209 et
351 2171 408 2209 vox
420 2153 545 2209 humana
557 2152 699 2209 remansit.

95 2233 139 2289 At
154 2230 265 2289 medius
278 2230 427 2306 fratrisque
441 2230 484 2288 sui
498 2242 662 2307 moestaeque
675 2230 776 2287 sororis

10 2322 12 2329 '
57 2308 170 2386 Jupiter
182 2328 221 2366 ex
233 2327 315 2385 aequo
329 2309 490 2367 volventem
500 2308 600 2366 dividit
613 2329 728 2367 annum.

58 2386 142 2446 Nunc
157 2388 224 2445 Dea
237 2405 388 2462 regnorum
401 2406 507 2444 numen
521 2406 672 2445 commune
686 2388 806 2444 duorum

58 2466 129 2525 Cum
144 2476 237 2523 matre
247 2476 291 2522 est
299 2466 429 2534 totidem,
439 2466 559 2522 totidem
573 2484 639 2522 cum
649 2469 771 2542 conjuge
785 2485 906 2524 menses.

55 2542 183 2603 Vertitur
197 2544 342 2620 extemplo
355 2544 443 2602 facies
456 2554 487 2601 et
499 2543 604 2600 mentis
618 2552 648 2600 et
661 2542 735 2610 oris;

56 2622 138 2693 Nam,
150 2622 239 2680 modd
253 2642 315 2698 quae
328 2633 441 2698 poterat
455 2621 518 2678 Diti
531 2621 645 2698 quoque
660 2632 762 2679 moesta
775 2620 871 2688 videri,

81 2736 88 2767 ¹
102 2739 182 2785 canor
193 2744 260 2782 notus
276 2738 308 2781 ad
323 2737 455 2782 mulcendas
471 2749 547 2793 aures,
562 2720 657 2799 meloda
668 2733 764 2782 iamed
776 2743 803 2780 to
812 2735 913 2787 sootbe,

49 2799 142 2858 pratil'y,
155 2815 186 2852 ar,
195 2797 317 2855 separate,
329 2797 369 2845 tbe
379 2812 427 2845 aar.
508 2866 526 2922 3

463 2880 487 2921 K
