1912 3082
334 127 407 176 ΗΒ.
428 127 479 175 x1.
498 129 579 177 FAB.
599 128 635 176 X·
861 123 916 178 125

65 258 217 338 Suspicere
230 259 338 318 inferno
349 281 491 320 summum
505 263 541 320 de
554 261 666 338 gurgite
678 263 793 320 coslum

65 340 208 416 Saepedat
221 339 365 415 ingentem
380 342 470 398 fluctu
484 341 558 398 latus
571 341 629 399 icta
640 340 797 416 fragorema

63 417 130 477 Nec
143 418 234 476 levius
247 419 359 495 pulsata
372 430 463 487 sonat,
478 420 563 494 quam
576 419 682 477 ferreus
695 419 763 477 olim

64 497 142 556 cum
155 497 264 555 laceras
277 498 349 554 aries
363 498 511 556 ballistave
522 499 651 556 concutit
664 516 752 556 ames.

64 576 163 651 thue
178 575 279 644 solent,
293 577 395 633 sumtis
405 577 435 632 in
450 596 533 634 cursu
546 577 660 645 viribus,
674 576 715 634 ire
855 579 914 635 510

64 654 186 712 Pectore
200 655 230 711 in
242 674 320 712 arma
333 655 392 723 feri,
406 667 600 731 praetentaque
613 655 672 713 tela
684 655 799 723 leonesa

63 732 115 790 sic
128 733 179 790 ubi
193 752 223 790 se
233 734 324 791 ventis
338 735 489 792 admiserat
503 735 579 791 unda
592 733 704 803 coiirtis,

62 811 131 871 Ibat
144 811 174 867 in
183 816 278 868 arma*
290 812 367 881 ratis,
388 813 534 889 multoque
547 824 609 870 erat
620 812 702 870 altior
715 811 780 870 illis.
800 835 809 879 ;

64 889 188 966 Jamque
202 890 300 947 labant
311 891 402 959 cunei,
417 892 592 967 spoliataque
606 891 730 967 tegmine
743 894 834 949 cerae⁸

63 968 152 1029 Bima
163 979 252 1044 patet,
266 972 430 1045 praebetque
441 971 515 1027 viam
529 970 661 1027 letalibus
676 970 767 1026 undis.

64 1047 144 1106 Ecce
158 1047 265 1105 cadunt
277 1047 347 1123 largi
361 1048 492 1104 resolutis
506 1048 629 1105 nubibus
643 1047 764 1114 imbres3

63 1126 156 1202 Inque
166 1125 270 1184 fretum
283 1127 383 1184 credas
396 1136 489 1183 totum
504 1126 676 1183 descendere
690 1125 803 1194 coelum,

63 1205 156 1280 Inque
170 1205 269 1281 plagas
282 1206 347 1263 coeli
362 1205 548 1264 tumefactum
562 1204 714 1263 ascendere
728 1215 859 1280 pontum.

63 1283 137 1343 Vela
150 1284 267 1342 madent
280 1284 400 1350 nimbis;
420 1295 449 1340 et
463 1303 528 1342 cum
543 1283 706 1342 coelestibus
720 1284 803 1341 undis

63 1363 215 1439 AEquoreae
224 1363 377 1420 miscentur
387 1382 475 1438 aquoe.
506 1364 591 1422 Caret
604 1363 717 1439 ignibus
729 1363 832 1431 aether3
852 1365 912 1420 520

61 1442 205 1517 caeoaque
218 1461 277 1498 nox
289 1441 425 1518 premitur
438 1443 562 1500 tenebris
575 1443 740 1519 hyemisque
754 1442 876 1518 suisque.

62 1520 233 1579 Discutiunt
246 1531 342 1578 tamen
355 1521 415 1589 hes,
430 1522 612 1596 praebentque
623 1520 759 1578 micantia
771 1521 867 1578 lumen

62 1599 211 1656 Fulmina:
230 1599 372 1656 fulmineis
385 1600 537 1656 ardescunt
550 1599 662 1673 ignibus
676 1599 768 1654 undae.

62 1678 124 1736 Dat
139 1678 251 1754 quoque
263 1682 321 1755 jam
336 1679 424 1735 saltus
436 1677 509 1734 intra
522 1695 592 1734 cava
605 1686 685 1733 texta
699 1677 800 1733 carinae

62 1757 198 1814 fluctuet
219 1767 257 1825 et,
272 1769 304 1814 ut
318 1757 407 1823 miles,
422 1775 539 1813 numero
551 1755 728 1831 praestantior
741 1754 826 1824 omni,

63 1835 140 1894 cum
151 1855 225 1911 saepe
237 1836 345 1894 assiluit
359 1835 481 1894 defensae
494 1834 636 1891 moenibus
649 1832 736 1901 urbis,

63 1913 121 1990 Spe
135 1915 243 1990 potitur
256 1915 388 1981 tandem;
405 1913 552 1989 laudisque
565 1931 703 1969 accensus
717 1930 812 1969 amore

62 1992 143 2051 Inter
156 1993 232 2051 mille
245 1994 327 2061 viros,
341 2012 453 2050 murum
467 2003 562 2050 tamen
573 2002 696 2067 occupat
709 2009 791 2048 unus.

64 2071 174 2130 Sicubi
188 2073 336 2148 pulsabunt
349 2091 428 2129 acres
441 2072 530 2128 latera
541 2071 628 2128 ardua
642 2071 754 2138 fluctus,

63 2150 181 2208 Vastirls
195 2151 342 2226 insurgens
356 2151 473 2207 decimae
486 2150 542 2207 ruit
556 2150 678 2226 impetus
692 2150 793 2208 undae:
850 2152 909 2209 580

63 2228 127 2287 Nec
138 2230 216 2305 prius
230 2230 342 2287 absistit
355 2230 457 2287 fessam
469 2249 632 2305 oppugnare
647 2229 779 2298 carinam,

61 2308 155 2371 Quam
169 2308 249 2365 velut
262 2309 292 2365 in
307 2319 397 2384 captae
409 2309 562 2366 descendat
573 2308 698 2365 moenia³
711 2308 798 2366 navis.

60 2387 130 2444 Pars
144 2387 229 2461 igitur
242 2389 373 2445 tentabat
386 2387 479 2444 adhuc
490 2387 622 2445 invadere
635 2387 750 2462 pinnm;

59 2464 130 2522 Pars
143 2465 228 2524 maris
241 2465 317 2524 intus
327 2476 395 2523 erat
424 2466 579 2542 Trepidant
586 2465 664 2522 haud
678 2464 792 2540 segnius
800 2483 907 2533 omnes,

60 2543 154 2608 Quam
169 2545 242 2603 solet
255 2546 332 2613 urbs,
346 2544 408 2601 aliis
421 2563 532 2601 murum
544 2543 718 2601 fodientibus
732 2543 820 2612 extra,

60 2623 159 2700 Atque
172 2622 235 2680 aliis
248 2639 369 2693 murum,
383 2623 532 2699 trepidare,
546 2622 710 2680 tenentibus
723 2621 808 2680 intus.

84 2795 190 2847 ’Arma
204 2797 243 2842 sne
253 2797 357 2860 raging·
401 2799 497 2860 'Cera
508 2801 540 2851 ot·
548 2803 629 2867 piscia.
661 2801 673 2831 ⁸
688 2800 798 2852 Manio.
810 2796 857 2842 nna
866 2788 931 2838 aaut

41 2871 75 2906 or,
89 2857 129 2898 elie
139 2857 208 2910 sides,
219 2860 237 2905 ιζ
248 2875 266 2905 e,
280 2863 322 2907 tbe
332 2862 401 2913 bold.

454 2935 515 2990 1.ss
