1912 3082
326 109 398 157 Lm.
418 111 474 159 111.
494 110 575 158 FAB.
596 111 632 157 X·
880 112 918 165 67

65 242 195 313 Senserit,
209 263 228 302 e
245 244 333 321 puppi
347 257 467 321 pontum
480 257 643 323 prospectat
657 247 777 316 adunci,
859 252 914 306 651

65 319 100 381 Et
109 324 191 382 flenti
207 324 316 393 similis,
332 324 399 382 Non
412 326 473 382 haec
487 326 555 382 mihi
569 326 660 394 litora,
675 338 777 396 nautae,

28 414 31 419 '
66 401 241 481 Promisistis‚
256 403 312 470 ait;
325 423 383 460 non
394 405 456 460 haee
470 405 537 461 mihi
552 415 626 462 terra
639 415 738 480 rogata
751 416 804 463 est.

66 482 123 544 Quo
134 482 229 540 merui
243 501 358 556 poenam
372 482 470 540 facto?
491 503 554 559 quae
567 484 656 558 gloria
669 495 762 541 vestra
775 496 827 553 est,

26 574 30 619 ζ
66 558 93 617 si
103 580 224 636 puerum
237 565 364 637 Juvenes
379 562 402 618 si
416 562 497 618 multi
510 562 606 619 fallitis
619 564 730 619 unum?

21 1134 27 1171 l

29 2051 35 2121 l

32 2410 42 2644 l

99 640 278 697 Jamdudum
292 641 406 697 flebam.
446 641 600 717 Lacrymas
620 661 721 699 manus
734 641 835 718 impia¹
850 663 915 702 nos·

63 716 163 786 Ridet;
184 729 215 775 et
230 719 350 793 impellit
363 720 578 795 properantibus
592 740 705 797 aequora
717 722 810 779 remis.
846 726 916 800 (tras

61 796 113 854 Per
124 798 179 855 tibi
194 817 273 853 nuuc
288 797 388 873 ipsum,
404 817 457 855 nec
471 799 546 855 enim
558 800 721 874 praesentior
733 804 744 837 ²
755 801 804 858 illo

61 874 110 933 Est
124 877 218 944 Deus,
232 876 341 953 adjuro,
357 887 415 933 tam
429 896 475 933 me
490 878 540 934 tibi
555 896 620 935 vera
631 878 742 947 referre,

63 955 151 1019 Quam
164 956 226 1013 veri
241 959 349 1031 majora
358 955 413 1011 fide
421 960 441 1012 ³.
484 956 591 1013 Stetit⁴
603 976 715 1033 aequoro
728 958 830 1034 puppis
857 962 917 1015 660

62 1032 146 1091 Hand
159 1034 255 1100 aliter,
267 1034 351 1109 quiam
365 1034 388 1090 si
401 1034 507 1091 siccum
521 1036 620 1092 navale
634 1046 753 1092 teneret.

61 1112 102 1169 llli
115 1114 292 1170 admirantes
305 1132 446 1169 remorum
460 1113 489 1168 in
502 1116 617 1171 verbere
629 1124 770 1188 perstant;

61 1190 188 1269 Velaque
202 1192 350 1249 deducunt
361 1215 368 1258 ;
381 1191 549 1267 geminisque
564 1197 638 1268 opc⁵
652 1212 763 1250 currere
775 1203 896 1251 tentant.

60 1270 223 1348 Impediunt
237 1270 350 1327 hederoe
363 1288 464 1338 remos,
479 1290 611 1347 nexuque
622 1290 739 1328 recurvo

62 1348 205 1427 Serpunt;
223 1360 254 1406 et
267 1349 388 1424 gravidis
402 1348 580 1425 distinguunt
593 1350 656 1407 vela
669 1351 818 1427 corymbis.

60 1428 132 1503 lpse,
146 1428 322 1486 racemiferis
333 1427 455 1484 frontem
469 1428 659 1486 circumdatus
673 1430 743 1498 uvis,

60 1507 223 1586 Pampineis
237 1508 327 1583 agitat
341 1507 462 1563 velatam
475 1506 622 1564 frondibus
636 1509 746 1565 hastam
756 1512 777 1564 ⁶.

62 1588 153 1651 Quem
167 1588 246 1645 circa
256 1587 350 1662 tigres,
364 1586 568 1662 simulacraque
582 1586 677 1644 inania
690 1588 815 1664 lyncum,

62 1664 263 1741 Pictorumque
273 1670 370 1742 jacent
383 1665 443 1721 sera
456 1684 574 1740 corpora
587 1667 796 1740 pantherarum.

63 1743 211 1803 Exsiluere
225 1744 276 1801 viri
287 1748 316 1812 ’ῖς
337 1745 395 1800 sive
407 1744 461 1800 hoc
476 1744 584 1801 insania
596 1744 672 1814 fecit,
857 1747 916 1800 670

65 1822 126 1881 Sive
138 1825 242 1891 timor3
254 1823 417 1900 primusque
430 1822 541 1879 Medon
551 1823 709 1899 nigrescere
722 1822 816 1900 pinnis

65 1902 188 1980 Corpore
200 1903 343 1978 depresso,
357 1911 386 1958 et
400 1901 488 1977 spinae
502 1903 663 1959 curvamina
676 1904 752 1960 flecti

65 1980 174 2058 Incipit.
216 1981 296 2038 Huic
308 1981 449 2057 Lycabas,
464 1980 499 2036 ln
512 2000 574 2056 quae
587 1981 722 2038 miracula
730 1986 750 2051 ⁸,
765 1981 845 2050 dixit,

65 2058 213 2117 Verteris?
234 2071 263 2117 et
277 2060 326 2117 lati
341 2059 437 2127 rictus,
452 2069 481 2116 et
494 2059 588 2134 panda
602 2060 728 2135 loquenti

66 2136 145 2197 Naris
158 2150 230 2208 erat,
246 2157 446 2215 squamamque
459 2138 532 2194 cutis
545 2139 644 2195 durata
659 2138 797 2197 trahebat.

67 2218 105 2275 At
117 2217 219 2295 Libys,
235 2220 404 2275 obstantes⁹
417 2217 484 2274 dum
498 2217 559 2274 vult
573 2218 720 2274 obvertere
733 2236 835 2286 remos,

94 2374 196 2437 ιΙιιψία,
211 2377 253 2422 the
264 2375 370 2432 wicked3
387 2376 427 2421 the
437 2373 552 2436 perjured.
584 2374 594 2402 ¹
604 2378 750 2428 Praescnlior,
763 2376 791 2421 oi
795 2392 860 2422 more
872 2376 917 2421 im·

68 2440 164 2487 nullate
174 2438 294 2485 influente
301 2456 309 2495 ;
327 2440 404 2485 whose
412 2438 529 2484 influence
541 2437 559 2481 is
568 2452 633 2482 more
644 2439 804 2499 immediately
816 2440 863 2492 felt,
881 2457 915 2488 or.

68 2514 127 2549 more
139 2502 213 2561 ready
224 2511 250 2547 to
259 2502 317 2555 hear
325 2501 372 2547 and
380 2511 450 2562 grant
461 2508 569 2559 requests.
602 2499 679 2547 'Fide
689 2504 743 2554 seri,
756 2504 812 2547 than
824 2504 863 2546 the
870 2501 918 2545 eri·

69 2562 177 2611 deneeoi
192 2566 265 2611 truth.
296 2563 390 2617 ‘Seeub
408 2562 475 2609 stood
483 2561 627 2607 motiouless.
660 2562 780 2610 ⁸Gemr'nd
792 2581 839 2622 ope,
860 2561 917 2606 with

38 2650 42 2673 ι
70 2624 150 2679 tlouble
161 2628 218 2683 aid3
237 2626 294 2672 with
304 2629 344 2673 the
355 2627 393 2673 aid
401 2628 458 2672 both
468 2624 558 2670 olsuils
566 2625 612 2669 and
624 2640 683 2670 oars.
713 2625 723 2651 ⁶
735 2629 854 2676 Hostum
874 2625 918 2668 See

71 2686 112 2737 lv.
125 2696 147 2747 7,
183 2690 264 2743 'Vir-i,
285 2690 331 2736 ie.
356 2698 442 2735 unutae.
476 2688 525 2733 'Iu
543 2702 595 2747 quae
612 2689 736 2744 minutula,
754 2687 807 2734 ‘trito
824 2686 892 2732 uhat
910 2701 929 2731 u

71 2749 174 2801 mustei.
206 2752 217 2781 '
230 2753 348 2807 Obstantes,
360 2750 472 2814 resisting
479 2769 488 2811 ,-
500 2751 671 2802 immovooble.
