1912 3082
166 127 240 175 LIB.
262 129 343 176 x111.
364 129 444 177 FAB-
464 129 489 177 1.
719 127 776 187 148

24 303 28 328 ,
43 274 173 321 cessante
186 283 251 321 meo
264 283 316 341 pro
329 263 431 322 vestris
442 274 558 340 pectore
571 267 665 336 rebus,

38 342 132 399 stolidi
146 343 256 400 Danais
271 343 385 401 solertia
397 343 495 420 prosit.

24 422 56 478 et
65 421 184 480 infestus
198 423 289 490 sociis,
301 422 426 498 regique,
440 421 574 499 mihique,

24 500 195 569 Philoctete;
215 502 284 559 licet
296 520 452 569 exsecrere,
467 519 619 578 meumque

24 599 72 637 eas
85 581 147 638 sine
160 581 217 638 fine
230 593 326 657 caput,
341 580 495 657 cupiasque
508 580 618 639 dolenti
713 583 773 641 38⁰

24 659 40 715 ti
54 659 127 717 forte
141 659 210 728 dari,
223 670 408 735 nostrumque
420 659 532 718 haurire
545 679 684 732 eruorem,

24 757 41 796 e
54 739 97 794 tui
111 738 189 807 mihi,
203 738 244 797 sic
257 739 307 798 fiat
318 739 370 797 tibi
384 739 467 817 copia
480 739 597 816 nostri]

24 837 74 874 nen
88 817 252 893 aggrediar3
269 837 441 896 mecumque
451 819 587 878 reducere
600 819 683 879 nitar.

24 915 48 952 te
63 897 118 954 tuis
132 897 232 972 potiar,
248 897 340 955 faveat
354 897 490 967 Fortuna,
502 898 621 974 sagittis,

28 995 91 1031 sum
106 976 261 1044 Dardanio,
276 996 361 1053 quem
375 977 448 1052 cepi,
461 987 527 1034 vate
540 978 665 1053 potitus;

26 1073 161 1130 responsa
176 1055 282 1123 Deum,
297 1055 477 1132 Trojanaque
490 1055 550 1112 fata
562 1056 671 1121 retexi3

27 1133 107 1208 rapui
122 1134 252 1210 Phrygiae
266 1134 378 1209 signum
392 1133 538 1209 penetrale
551 1133 691 1191 Minervae

24 1231 64 1268 »us
78 1213 214 1269 emediis.
256 1213 295 1269 Et
306 1231 337 1270 se
350 1212 419 1268 mihi
433 1221 578 1288 comparet
594 1212 693 1290 AJax?

24 1310 31 1347 a
45 1291 109 1367 capi
124 1292 239 1367 TroJ'am
252 1292 442 1368 prohibebant
455 1291 514 1349 fata
528 1291 589 1350 sine
601 1292 665 1349 illis.

24 1370 74 1426 ubi
89 1381 133 1427 est
146 1371 246 1447 Ajax?
267 1371 316 1428 ubi
330 1382 397 1427 sunt
410 1370 537 1447 ingentia
550 1371 646 1447 magni
710 1364 772 1429 840

28 1448 105 1504 viri?
126 1469 177 1506 cur
190 1450 237 1507 hic
250 1450 378 1507 metuis?
399 1469 450 1507 cur
463 1450 551 1508 audet
565 1451 684 1527 Ulysses

24 1548 28 1560 ·
42 1528 186 1596 excubias,
201 1540 231 1586 et
245 1548 274 1586 se
289 1529 467 1586 committere
480 1528 583 1586 nocti?

24 1606 118 1663 tferos
131 1626 223 1675 enses,
239 1627 296 1663 non
310 1608 422 1664 tantum
435 1607 540 1664 moenia
554 1606 671 1676 Troum,

24 1717 25 1740 i
41 1685 126 1742 etiam
141 1705 265 1742 summas
278 1705 358 1742 arces
371 1685 484 1752 intrare,
496 1685 603 1759 suique

24 1783 36 1820 e
49 1765 110 1821 aede
125 1765 227 1833 Deam,
238 1774 404 1840 raptamque
419 1763 517 1820 efferre
529 1781 581 1838 per
594 1763 714 1821 hostes?

24 1843 57 1899 isi
70 1842 209 1911 fecissem,
221 1843 324 1900 frustra
338 1842 494 1898 Telamone
508 1851 624 1898 creatus

24 1933 67 1979 set
80 1922 150 1979 laeva
162 1933 307 1979 taurorum
321 1931 434 1996 tergora
447 1930 566 1996 septem.

24 2011 70 2058 cte
84 2000 152 2057 mihi
166 2001 259 2077 Trojae
272 2000 389 2057 victoria
402 2009 484 2075 parta
497 2008 540 2056 est
551 2022 558 2067 3
587 2060 590 2066 ,

24 2099 58 2136 na
72 2090 133 2136 tum
146 2079 210 2146 vici,
224 2079 290 2136 crim
304 2079 379 2136 vinci
392 2097 476 2155 posse
487 2078 577 2155 coiigi.

24 2159 67 2215 ine
80 2159 212 2234 Tydiden
224 2159 361 2234 vultuque
375 2169 405 2216 et
418 2177 561 2216 murmure
575 2157 658 2218 nobis
710 2157 766 2219 95(

24 2256 71 2295 are
85 2257 199 2294 meum:
219 2257 284 2314 pars
297 2249 342 2297 est
355 2257 407 2296 sua
416 2236 508 2296 laudis
520 2239 550 2294 in
563 2237 627 2296 iliis.

24 2337 36 2385 t,
51 2316 118 2373 oiim
129 2316 206 2374 socia
219 2317 351 2394 clypeum
365 2337 416 2394 pro
427 2318 517 2376 classe
531 2319 658 2386 tenebas,

24 2414 96 2462 sras;
114 2396 165 2453 tibi
180 2399 263 2454 turba
277 2416 381 2465 comes,
396 2397 464 2454 mihi
478 2397 598 2472 contigit
611 2414 695 2465 unus,

24 2474 51 2532 isi
65 2494 225 2552 pugnacem
239 2475 323 2533 sciret
336 2476 464 2552 sapiente
478 2475 616 2531 minorem

24 2572 67 2611 rec
81 2553 226 2611 indomitae
239 2554 336 2612 deberi
349 2554 465 2631 praemia
479 2553 595 2622 dextrae,

24 2632 110 2709 idque
123 2635 184 2691 haec
198 2644 325 2710 peteret;
345 2643 457 2710 peteret
470 2632 642 2690 moderatior
656 2634 743 2710 Aiax,
771 2668 774 2673 >

24 2712 137 2789 plusque
149 2713 239 2782 ferox,
253 2713 387 2790 claroque
401 2712 587 2771 Andremona
600 2721 706 2771 natust

24 2791 86 2847 inda
94 2792 274 2862 Idomeneus,
288 2793 442 2874 patriique
457 2804 579 2857 creatus
591 2791 703 2852 eudem
721 2838 724 2842 .
784 2823 789 2829 x

24 2886 59 2935 es,
69 2879 188 2943 peteret
199 2872 321 2954 majoris
335 2875 431 2938 frater
443 2876 581 2939 Atride„
