1912 3082
80 116 138 180 lta
381 123 633 175 uurnmonrn.

76 261 237 328 Oceanum,
252 270 282 318 et
295 271 392 329 terras,
407 276 530 337 cumque
543 259 602 317 alto
617 258 708 316 sidera
720 258 804 326 caelo,

78 340 276 416 Pleiadasque,
292 340 477 417 Hyadesque,
498 341 709 413 immunemque
725 337 876 413 aequorisl

77 417 268 495 Diversasque
282 421 375 487 urbes,
390 419 568 495 nitidumque
583 417 696 475 Orionis
710 437 816 474 ensem.
847 420 876 492 [t

78 498 218 566 Postulat,
233 509 266 556 ut
279 498 382 574 capiat,
397 517 461 574 quae
473 518 531 555 non
545 496 686 572 intelligit,
700 515 786 553 arma.

113 577 215 642 Quid?
236 578 314 654 quod
327 596 374 634 me
387 577 449 634 duri
462 576 619 652 fugientem
634 595 750 634 munera
763 575 832 633 belli

79 657 186 732 Arguit
199 656 314 732 incepto
328 674 421 713 serum
435 656 589 713 accessisse
602 654 717 711 labori?

78 734 142 792 Nec
157 753 187 792 se
201 734 381 810 magnanimo
396 734 565 792 maledicere
579 734 665 790 sentit
680 732 812 791 Achilli?

80 813 110 870 si
125 813 271 870 simulasse
285 823 370 870 vocat
382 813 498 882 crimen,
513 812 706 870 simulavimus
717 814 812 870 ambo.

79 892 110 949 si
124 909 204 949 mora
216 911 268 968 pro
282 892 368 967 culpa
381 902 434 961 est,
449 911 503 968 ego
518 912 581 950 sum
595 892 731 949 maturior
744 892 802 948 illo.
874 901 876 944 ὲ

78 971 132 1028 Me
145 970 193 1047 pia
207 970 330 1028 detinuit
343 975 459 1048 conjux,
473 972 521 1048 pia
533 981 625 1029 mater
640 971 801 1028 Achillem:

78 1050 231 1126 Primaque
244 1060 312 1107 sunt
325 1050 380 1108 illis
394 1052 461 1109 data
474 1063 611 1127 tempora,
623 1061 725 1108 caetera
738 1049 828 1107 vobis.

78 1129 169 1188 Haud
181 1130 279 1198 timeo,
295 1130 318 1187 si
329 1133 390 1207 J‘am
403 1150 514 1206 nequeo
528 1131 680 1188 defendere
694 1129 801 1186 crimen

79 1210 154 1268 Cum
169 1218 249 1266 tanto
264 1227 417 1267 commune
431 1211 499 1266 viro.
540 1211 706 1286 Deprensus
720 1206 832 1284 Ulyssis

81 1287 202 1364 Ingenio
217 1299 314 1344 tamen
328 1288 385 1355 ille,
399 1299 430 1345 at
442 1308 501 1345 non
516 1289 623 1366 AJacis,
638 1288 766 1364 Ulysses

79 1366 160 1424 Neve
174 1366 203 1422 in
218 1384 264 1423 me
278 1366 388 1423 stolidae
402 1368 534 1425 convicia
542 1368 660 1425 fundere
675 1367 779 1442 linguae

80 1443 265 1502 Admiremur
278 1464 361 1513 eum;
381 1445 462 1502 vobis
476 1446 590 1522 qudque
600 1446 686 1520 digna
696 1445 805 1520 pudore

81 1523 200 1600 Objicit.
242 1525 292 1581 An
305 1524 377 1582 falso
392 1525 565 1582 Palameden
579 1526 696 1582 crimine
710 1535 794 1599 turpe

80 1604 243 1661 Accusasse
256 1603 334 1672 mihi,
349 1603 430 1661 vobis
443 1604 592 1661 damnasse
605 1604 740 1660 decorum
755 1602 821 1658 est?

83 1682 140 1740 Sed
154 1701 247 1759 neque
263 1683 445 1759 Naupliades,
456 1683 566 1741 facinus
576 1682 729 1740 defendere
741 1692 855 1738 tantum
875 1724 876 1729 κ

82 1761 212 1837 Tamque
225 1773 336 1838 patens,
350 1762 456 1820 valuit:
477 1781 531 1821 nec
543 1782 594 1820 vos
607 1761 728 1819 audistis
740 1761 770 1816 in
785 1760 835 1817 illo

82 1840 225 1911 Crimina:
245 1841 363 1909 vidistis,
377 1841 526 1919 pretioque
540 1844 655 1918 objecta
667 1841 814 1916 patebant.

122 1918 186 1977 Nec
201 1919 389 1979 Poeantiaden
403 1920 481 1995 quod
494 1921 583 1978 habet
597 1917 737 1976 Vulcania
750 1918 876 1975 Lemnos

80 1995 154 2055 Esse
167 2016 232 2054 reus
246 2000 353 2056 merui:
373 1998 481 2055 factum
494 1998 639 2056 defendite
652 2009 785 2066 vestrum,

82 2075 273 2135 Consensistis
287 2078 379 2142 enim;
399 2095 454 2134 nec
467 2096 514 2134 me
526 2077 649 2134 suasisse
663 2077 784 2151 negabo,

82 2153 125 2213 Ut
139 2172 169 2211 se
184 2155 363 2211 subtraheret
376 2154 500 2229 bellique
513 2155 621 2230 viaeque
635 2155 733 2224 labori,

83 2232 277 2307 Tentaretque
289 2232 365 2290 feros
377 2233 474 2306 requie
488 2233 575 2291 lenire
590 2233 712 2291 dolores.

83 2310 199 2378 Paruit;
216 2320 247 2368 et
259 2310 336 2368 vivit.
373 2310 439 2367 Non
453 2312 514 2370 haec
528 2313 670 2371 sententia
684 2312 796 2370 tantum

82 2389 161 2458 Fida,
176 2390 227 2447 sed
241 2399 272 2447 et
284 2388 371 2457 felix;
391 2389 457 2448 crim
471 2391 508 2448 sit
521 2393 599 2460 satis,
614 2411 676 2449 esse
689 2392 811 2449 fidelem.

83 2470 178 2533 Quem
192 2470 325 2545 quoniam
338 2479 417 2528 vates
431 2469 553 2528 delenda
566 2471 603 2528 ad
618 2471 757 2547 Pergama
770 2489 876 2547 poscun

82 2547 129 2605 Ne
144 2549 278 2606 mandate
292 2549 380 2606 mihi:
400 2549 503 2606 melius
518 2550 702 2608 Telamonius
716 2550 778 2619 ibit,

85 2627 263 2703 Eloquioque
276 2628 366 2684 virum
377 2628 483 2685 morbis
496 2629 593 2705 iraque
606 2629 746 2686 furentem

83 2706 208 2774 Molliet‚
223 2716 274 2765 aut
287 2706 381 2782 aliqua
393 2707 533 2781 producet
546 2707 665 2765 callidus
679 2718 749 2764 arte.

66 2784 158 2841 Ante
169 2795 251 2844 retro
265 2784 374 2845 Simois
387 2785 470 2856 fluet,
485 2796 517 2846 et
530 2786 593 2845 sine
603 2785 753 2844 frondibus
761 2785 815 2841 lde

47 2857 164 2935 Stabit,
180 2877 216 2924 et
229 2867 376 2929 auxilium
391 2868 553 2951 promittet
566 2867 684 2926 Achaia
693 2865 813 2940 troia.
