1912 3082
57 142 75 203 s
356 134 608 196 Marauoarm
634 134 637 143 '

55 274 133 344 Aba
145 276 280 362 permisit.
321 284 377 341 Vix
389 305 465 344 nunc
477 285 623 344 obsistitur
636 285 699 354 illis,

57 365 130 422 Cum
148 383 200 420 sua
214 364 331 440 quisque
346 375 447 440 regant
460 364 570 423 diverso
583 365 699 423 flamina
712 373 815 432 tractu,

56 444 132 507 Quin
144 443 252 500 lanient
266 444 404 500 mundum
415 467 423 511 ;
436 444 530 502 Tanta
543 455 587 502 est
601 443 742 501 discordia
754 443 874 500 fratrum

15 591 18 603 Ι
55 521 150 579 Eurus
162 522 199 579 ad
214 523 355 580 Auroram
367 522 582 599 Nabathaeaque
593 541 680 599 regna
693 521 818 592 recessit,
870 527 877 578 t

56 601 238 677 Persidaque,
252 611 282 658 et
293 601 378 659 radiis
389 605 459 678 juga
472 602 587 659 subdita
599 601 762 659 matutinis:

55 679 174 755 Vesper,
189 691 219 737 et
233 679 353 744 occiduo
365 700 428 756 quae
441 680 524 737 litora
540 680 606 738 Sole
619 690 770 756 tepescunt
779 682 799 748 ²,

56 759 190 817 Proxima
200 769 267 816 sunt
280 759 428 835 Zephyr03
449 758 595 836 Scythiam
609 770 774 837 septemque
789 759 877 816 trione

57 838 187 896 Horrifer
200 837 301 895 invasit
316 838 438 904 Boreas3
455 837 612 895 contraria³
625 838 710 895 tellus

55 917 191 975 Nubibus
204 916 332 984 assiduis,
346 916 498 993 pluvioque
509 916 647 974 madescit
661 918 697 974 ab
713 916 832 974 Austro.

56 996 131 1053 Haec
143 995 373 1072 superimposuit
386 995 532 1072 liquidum,
548 1005 577 1052 et
589 995 726 1072 gravitate
741 1007 877 1055 carentent

56 1074 185 1144 AEthera,
199 1074 420 1151 necquidquam
434 1083 553 1132 terrenae
566 1074 643 1132 faecis
655 1075 820 1133 habentem.

96 1154 154 1211 Vix
168 1173 203 1211 ea
212 1153 351 1211 'limitibus
365 1153 535 1229 dissepserat
548 1154 643 1210 omnia
655 1153 758 1220 certis3

57 1233 141 1300 Cum,
156 1251 219 1308 quae
232 1251 328 1308 pressa
340 1232 390 1290 diu
404 1233 498 1290 massa
523 1233 632 1290 latuere
646 1234 700 1289 sub
715 1231 771 1302 illa,
869 1234 877 1288 i

58 1312 157 1368 Sidera
169 1321 316 1386 coeperunt
330 1320 391 1368 toto
404 1311 609 1369 effervescere⁴
622 1311 704 1369 coelo.
723 1328 728 1350 ²

58 1390 123 1448 Neu
138 1389 216 1465 regio
230 1388 304 1446 foret
316 1390 375 1447 ulla
389 1389 463 1447 suis³
476 1389 667 1448 animantibus
680 1391 767 1456 orba,

58 1472 146 1527 Astra
159 1478 259 1526 tenent
273 1467 389 1526 coeleste
403 1468 504 1537 solum,
518 1468 671 1545 fonnaeque
684 1469 830 1527 Deorum:

58 1548 212 1606 Cesserunt
224 1545 321 1604 nitidis
334 1547 496 1605 habitandae
509 1547 634 1624 piscibus
647 1547 750 1605 undae:

58 1626 146 1684 Terra
158 1625 232 1684 feras
246 1624 338 1719 cepit:
360 1627 490 1684 volbcres
504 1626 661 1703 agitabilis⁶
675 1629 732 1684 a'e'r.

98 1704 247 1763 Sanctius*
259 1705 304 1763 his
316 1704 431 1774 animal,
444 1705 603 1782 mentisque
615 1705 748 1782 capacius
760 1705 835 1774 altae,

56 1783 166 1842 Deerat
179 1785 282 1854 adhuc,
294 1794 325 1844 et
336 1785 413 1862 quod
426 1785 563 1842 dominari
577 1785 606 1841 in
620 1796 723 1842 caetera
734 1796 840 1861 posset.

56 1862 167 1920 Natus⁸
179 1864 265 1921 homo
280 1874 340 1922 est:
361 1863 419 1922 sive
432 1865 509 1921 hunc
523 1863 617 1922 divino
630 1864 737 1921 semine
748 1863 817 1921 fecit

56 1942 110 1999 Ille
122 1942 216 2019 opifex
230 1962 333 2012 renim,
348 1943 447 2001 mundi
460 1942 583 2000 melioris
594 1943 709 2018 origo⁹;

59 2020 124 2078 Sive
137 2038 237 2079 recens
250 2021 344 2090 tellus,
357 2021 532 2098 seductaque
545 2039 635 2097 nuper
649 2023 685 2079 ab
700 2021 758 2080 alto
870 2023 877 2078 t

57 2099 185 2167 AEthere,
200 2099 315 2175 cognati
329 2100 471 2157 retinebat
484 2099 618 2156 semina¹⁰
630 2099 711 2167 coeli;

58 2179 152 2240 Quam
167 2188 244 2236 satus
255 2179 364 2254 Iapeto,
378 2177 490 2235 mistam
504 2177 664 2236 fluvialibus
678 2178 769 2246 undis,

56 2255 153 2314 Finxit
164 2256 193 2315 in
205 2255 326 2334 effigiem
340 2256 539 2314 moderantum
551 2267 657 2315 cuncta
670 2258 808 2316 Deorum.

88 2428 238 2486 'Fratrumff
258 2430 301 2477 See
310 2439 397 2477 ventus.
431 2431 440 2459 ¹
455 2433 588 2491 reposcunt,
606 2431 677 2492 glow.
710 2431 877 2489 'Controrr‘mt

56 2493 168 2552 opposite,
183 2495 200 2538 i.
217 2509 236 2539 e.
259 2494 299 2548 the
315 2495 433 2539 southern.
465 2493 644 2554 ‘Efferveacera
663 2504 688 2542 to
703 2496 782 2556 glow3
798 2505 824 2542 to
841 2499 877 2543 twi

56 2556 103 2609 tite,
115 2573 148 2607 or,
161 2565 186 2601 to
197 2553 271 2603 shine,
303 2555 378 2609 ‘Saia
389 2555 419 2600 its
430 2570 499 2612 own3
511 2558 540 2602 its
551 2557 663 2616 peculitar,
674 2575 706 2612 or,
715 2558 746 2604 its
755 2560 877 2618 appropria

55 2619 205 2679 ‘Aguntum
216 2618 256 2665 the
267 2617 379 2678 yielding.
398 2616 531 2672 'Sanctiun
542 2634 608 2666 more
616 2619 702 2668 divine.
718 2622 729 2650 ¹
740 2624 826 2674 Notus,
838 2624 877 2668 for

58 2681 93 2727 ed.
122 2681 224 2786 I'On'go,
242 2682 282 2728 the
294 2680 370 2743 origin
380 2697 388 2739 ;
397 2682 444 2728 dhe
456 2691 553 2728 creator.
587 2682 604 2710 ¹⁰
613 2686 714 2742 Semina
725 2685 764 2731 the
775 2684 855 2749 seeds3
872 2697 877 2734 t

41 2743 164 2794 punicea
226 2761 229 2767 ·
