1912 3082
90 121 147 178 134
408 127 655 178 METAMORPH·

86 265 241 341 Litoraque
253 264 368 324 intravit
383 266 517 343 Pagasaed
531 266 640 325 Colcha
653 265 756 323 carini.

85 342 193 402 AEacus
206 344 273 402 huic
285 356 366 421 pater
379 355 432 414 est,
443 347 491 423 qui
499 351 563 424 jura
575 345 723 404 silentibus
736 344 794 402 illic

86 423 202 493 Reddit,
218 425 268 482 ubi
283 425 418 483 AEoliden
431 443 532 483 saxum
543 444 629 500 grave
644 424 785 500 Sisyphon
797 433 889 500 urget.

85 503 198 561 AEacon
212 505 341 580 agnoscit
353 523 488 574 summus,
501 505 666 581 prolemque
679 503 785 560 fatetur

85 583 200 660 Jupiter
213 603 275 642 esse
289 603 377 642 suam.
419 583 472 661 δίο,
480 585 517 641 ab
530 584 603 641 Jove
617 583 717 640 tertius
731 583 818 658 Ajax.

87 662 151 720 Nec
165 674 261 721 tamen
272 664 334 720 haec
347 661 433 720 series
444 662 474 718 in
486 664 574 720 causti
585 662 683 740 prosit,
699 660 812 729 Achivi,

87 741 117 798 Si
129 741 197 798 mihi
211 759 278 798 cum
289 759 393 817 magno
407 751 522 799 nonest
535 740 694 798 communis
708 740 832 797 Achille.
898 740 930 794 3(

85 819 183 878 Frater
197 829 273 886 erat;
291 818 415 877 fraterna
427 830 505 896 peto.
547 821 624 885 Quid
637 819 775 894 sanguine
787 829 882 876 cretus

86 897 227 975 Sisyphio,
238 896 384 974 furtisque,
399 908 428 957 et
439 898 538 957 fraude
552 898 709 956 simillimus
723 898 772 968 illi,

84 977 187 1035 Inserit
199 977 326 1036 AEacidis
340 978 439 1036 alieuae
450 979 566 1036 nomina
579 977 696 1054 gentis?

125 1060 182 1127 An,
198 1057 275 1133 qudd
288 1057 318 1114 in
327 1075 406 1115 arma
416 1057 500 1134 prior,
515 1056 651 1133 nulloque
665 1057 719 1113 sub
731 1055 834 1126 indice,
849 1054 924 1124 veni,

85 1136 176 1194 Ama
187 1138 318 1212 neganda
331 1136 422 1193 mihi?
439 1136 589 1213 potiorque
601 1135 744 1193 videbitur
757 1135 813 1204 ille,

86 1215 194 1272 Ultima
207 1215 254 1291 qni
269 1215 353 1290 cepit,
368 1215 592 1291 detrectavitque
605 1213 699 1272 furore

84 1291 219 1350 Militiam
229 1293 313 1359 ficto;
333 1294 426 1349 donec
439 1293 569 1350 solertior
581 1293 645 1361 isto,

85 1370 142 1428 Sed
155 1370 209 1427 sibi
223 1370 355 1437 inutilior,
370 1370 461 1427 timidi
472 1381 636 1428 commenta
647 1371 752 1429 retexit

84 1448 259 1525 Naupliades
272 1448 367 1517 animi,
379 1448 523 1524 vitataque
535 1448 622 1505 traxit
635 1449 664 1504 in
678 1449 781 1506 arma?

84 1528 201 1605 Optima
218 1546 295 1586 nunc
308 1537 411 1594 sumat,
423 1526 471 1604 qui
482 1545 592 1584 sumere
604 1526 696 1583 noluit
706 1527 782 1583 ulla:
895 1530 930 1584 tt

84 1608 146 1665 Nos
160 1606 329 1674 inhonorati,
343 1617 373 1664 et
387 1606 469 1665 donis
481 1604 657 1683 patruelibus
669 1605 739 1674 orbi,

85 1687 251 1746 Obtulimus
265 1686 313 1763 qui
325 1705 377 1743 nos
390 1686 428 1744 ad
438 1686 529 1763 prima
539 1684 673 1762 pericula,
685 1684 780 1741 simus.

84 1767 183 1842 Atque
195 1767 304 1824 utinam
318 1776 369 1824 aut
380 1784 463 1823 verus
475 1764 553 1822 furor
566 1764 622 1833 ille,
634 1775 685 1822 aut
695 1764 828 1832 creditus,
843 1776 930 1822 esset¹

85 1845 149 1903 Nec
163 1865 260 1903 comes
273 1845 321 1903 hic
333 1845 472 1921 Phrygias
485 1863 611 1921 unquam
624 1843 747 1902 venisset
760 1844 797 1900 ad
811 1862 890 1902 arces

85 1923 225 1982 Hortatur
237 1923 396 1983 scelerum!
419 1943 476 1981 non
490 1934 529 1992 te,
545 1923 675 1981 Poeantia
688 1922 790 2000 proles,

85 2002 256 2079 Expositum
270 2003 395 2060 Lemnos
406 2013 503 2060 nostro
517 2020 584 2058 cum
598 2002 714 2059 crimine
727 2003 863 2060 haberet:

84 2082 141 2147 Qui
156 2100 241 2150 nunc,
256 2090 289 2136 ut
303 2091 470 2148 memorant,
485 2080 659 2137 silvestribus
673 2081 787 2138 abditus
799 2079 893 2146 antris,

86 2160 161 2217 Saxa
174 2178 271 2216 moves
284 2159 402 2234 gemitu,
417 2158 632 2233 Laertiadaeque
645 2160 777 2235 precaris,

85 2241 156 2303 Quae
168 2237 287 2295 meruit:
308 2256 379 2312 quae,
393 2237 417 2293 si
430 2236 473 2293 Di
486 2247 561 2305 aunt,
576 2255 634 2293 non
645 2256 718 2296 vana
731 2237 862 2315 preceris.

84 2317 124 2375 Et
138 2336 214 2374 nunc
228 2316 276 2374 ille
289 2314 390 2374 eadem
403 2315 486 2374 nobis
497 2319 608 2393 juratus
619 2315 649 2372 in
663 2335 749 2386 arma,
895 2317 930 2372 5ss

85 2395 171 2456 Heu!
193 2415 258 2473 pars
272 2414 330 2454 uua
341 2395 456 2464 ducum,
471 2414 527 2473 quo
541 2414 705 2453 successore
719 2395 830 2472 sagittae
902 2423 906 2428 ·

84 2476 218 2534 Herculis
231 2486 358 2545 utuntur,
372 2475 479 2534 fractus
492 2476 649 2550 morboque
661 2475 801 2551 fameque,

83 2555 257 2631 Velaturque
271 2556 410 2633 aliturque
424 2555 541 2622 avibus;
561 2555 747 2630 voltcresque
760 2554 886 2631 petendo

83 2635 192 2693 Debita
206 2634 336 2712 TroJ'anis
349 2644 466 2693 exercet
477 2633 587 2711 spicula
599 2633 674 2691 fatis.

75 2714 136 2770 Jlle
149 2725 246 2772 tamen
260 2713 337 2783 vivit,
352 2713 489 2791 quianon
503 2713 650 2770 comitavit
664 2713 798 2790 Ulyssen.

56 2787 174 2849 ΜιιΙΙεε
186 2793 333 2854 etinfelbr
347 2793 525 2855 Palamedes
538 2811 603 2852 esse
614 2791 753 2857 relictusr
817 2836 820 2840 Δ

48 2860 178 2940 ibimet,
193 2887 254 2936 aut
268 2876 356 2939 certe
369 2877 470 2939 letum
479 2876 554 2938 ¹sine
567 2871 692 2934 minime
699 2870 836 2927 baberet„

111 3030 241 3058 A*
