1912 3082
71 123 130 183 112
374 128 627 180 marmoren..

68 264 155 325 Pulsa
166 263 243 339 gravi
257 263 348 340 gravis
358 275 402 324 est
416 265 557 333 amentia3
574 263 702 322 curribus
714 280 798 322 auras
898 258 903 269 '

68 343 137 401 Exit
150 344 179 399 in
193 343 346 401 aetlrereas:
368 345 407 402 ibi
421 355 483 403 toto
497 344 594 402 nubila
606 343 687 401 vultu

68 425 148 482 Ante
161 423 264 481 Jovem
277 423 367 499 passis
380 424 458 480 stetit
473 422 610 480 invidiosa
623 421 741 498 capillis.

107 503 219 578 Proque
232 521 296 559 meo
310 502 430 578 supplex
443 502 526 559 venio
540 500 601 569 tibi,
614 501 734 576 Jupiter,
749 500 850 576 iuquit,

68 580 220 657 Sanguine,
234 599 341 656 proque
355 590 414 636 tuo.
456 581 486 638 Si
501 580 579 637 nulla
593 590 637 637 est
650 579 740 655 gratia
754 580 866 646 matrisr

67 658 145 717 Nata
159 668 266 736 patrem
280 667 409 725 moveat;
426 677 484 715 neu
498 658 534 716 sit
547 658 600 716 tibi
614 676 690 725 cura,
703 677 861 733 precamur,
906 704 912 709 .

67 737 156 793 Vilior
170 737 252 804 illius,
266 735 343 812 qudd
357 747 453 794 nostro
467 747 511 795 est
525 737 602 795 edita
614 746 706 812 partu.
905 738 908 745 '

67 814 112 871 En
127 815 134 874 !
154 814 271 891 quaesita
283 813 333 871 diu
347 815 462 872 tandem
475 815 543 872 mihi
558 825 625 872 nata
638 824 750 890 reperta
763 826 824 873 est:

68 892 98 950 Si
111 892 232 969 reperire
246 911 339 962 vocas,
354 893 484 951 amittere
497 893 621 961 certius3
640 904 691 950 aut
704 893 736 961 si,
903 892 908 902 “

68 971 146 1029 Scire
160 971 209 1029 ubi
223 971 268 1039 sit,
278 972 399 1048 reperire
407 992 506 1030 vocasz
519 972 597 1048 qudd
609 982 698 1047 rapta,
709 972 842 1040 feremus,
855 972 911 1028 stu

66 1049 233 1108 Dummodo
247 1050 348 1108 reddat
361 1070 433 1108 eam.
462 1051 563 1126 Neque
577 1051 653 1108 enim
666 1050 800 1126 praedone
813 1050 912 1108 marito

67 1125 139 1186 Filia
151 1128 238 1205 digna
251 1139 301 1186 tua
314 1140 366 1198 est,
381 1129 404 1186 si
416 1135 475 1208 jam
488 1148 552 1186 mea
565 1129 622 1186 iilia
635 1129 721 1204 digna
734 1138 787 1186 est.

106 1207 220 1283 Jupiter
232 1208 362 1283 excepit;
383 1209 541 1287 Commune
554 1218 598 1265 est
611 1207 713 1283 pignus
726 1225 856 1285 onusque
909 1213 914 1220 '

66 1283 144 1342 Nata
157 1284 225 1340 mihi
238 1294 352 1342 tecum:
373 1286 432 1355 sed,
447 1286 470 1343 si
483 1285 568 1343 modd
583 1285 698 1343 nomina
709 1288 796 1343 rebus

66 1362 184 1420 Addere
196 1380 263 1419 vera
275 1363 378 1438 placet,
392 1383 450 1421 non
463 1365 519 1422 hoc
532 1365 634 1441 injuria
645 1364 763 1433 tactum,

65 1439 174 1498 Verdm
188 1458 268 1497 amor
279 1451 341 1509 est;
361 1461 453 1518 neque
467 1442 519 1500 erit
532 1443 615 1501 nobis
629 1461 717 1519 gener
729 1443 776 1501 ille
789 1443 903 1521 pudori.

67 1518 114 1576 Tu
127 1519 223 1587 modo,
237 1519 320 1588 Diva,
334 1520 412 1589 velis,
426 1531 459 1578 ut
472 1520 566 1579 desint
579 1531 690 1591 coetera,
704 1533 843 1598 quantum
856 1533 903 1580 est

67 1596 140 1656 Esse
152 1597 233 1656 Jovis
245 1597 378 1658 fratrem!
402 1599 494 1675 quid?
514 1601 590 1677 quod
604 1620 658 1658 nec
671 1611 774 1659 caetera
786 1601 901 1671 desunt,

66 1675 131 1735 Nec
144 1677 222 1735 cedit
235 1676 289 1734 nisi
303 1688 378 1755 sorte
390 1678 484 1735 mihi?
504 1680 555 1736 sed
568 1689 649 1737 tanta
661 1679 766 1756 cupido
875 1723 880 1731 .

68 1756 98 1813 Si
109 1756 161 1814 tibi
175 1755 302 1824 discidii;
321 1768 432 1834 repetet
446 1756 612 1834 Proserpina
625 1757 738 1827 coelum,
853 1759 915 1815 530

65 1832 146 1910 Lege
160 1845 257 1893 tamen
271 1837 357 1904 certi,
372 1837 395 1893 si
409 1837 502 1894 nullos
515 1837 635 1912 contigit
647 1836 706 1893 illic
911 1846 915 1855 “

66 1912 126 1971 Ore
140 1914 237 1982 cibos;
256 1934 323 1972 nam
337 1915 378 1972 sic
392 1916 543 1972 Parcarum
556 1914 663 1972 foedere
676 1924 792 1972 cautum
806 1925 860 1973 est.

105 1991 236 2049 Dixerat.
274 1993 317 2049 At
331 1993 425 2050 Cereri
439 2003 548 2051 certum
559 1994 619 2064 est¹
632 1993 753 2051 educere
766 2005 874 2052 natam.

65 2067 132 2126 Non
147 2069 188 2126 ita
200 2071 260 2127 fata
273 2070 385 2127 sinunt:
406 2071 538 2146 quoniam
550 2071 658 2148 Jejunia
670 2072 748 2147 virgo

66 2146 204 2214 Solverat,
218 2157 256 2215 et,
271 2146 355 2204 cultis
368 2148 437 2204 dum
451 2148 571 2225 simplex
584 2160 659 2207 errat
672 2150 702 2206 in
714 2149 812 2219 hortis,

64 2224 223 2282 Puniceum
237 2226 323 2282 curva
335 2225 515 2302 decerpserat
527 2228 628 2286 arbore
640 2247 773 2304 pomum3

66 2302 222 2378 Sumtaque
235 2302 353 2379 pallenti
367 2315 476 2379 septem
491 2305 527 2363 de
540 2306 646 2364 cortice
660 2325 747 2382 grana

65 2380 210 2438 Presserat
224 2400 272 2439 ore
287 2401 356 2440 suo:
377 2383 508 2459 solusque
522 2403 559 2443 ex
572 2386 704 2443 omnibus
717 2385 789 2444 illud

67 2456 184 2516 Viderat
197 2461 385 2537 Ascalaphus,
400 2481 483 2538 quem
497 2464 640 2539 quondam
653 2463 756 2521 dicitur
771 2465 913 2542 Orphne,.

62 2537 143 2595 Inter
158 2538 313 2596 Avernales
326 2541 403 2599 haud
415 2541 589 2617 ignotissima
603 2542 760 2618 Nymphas,
853 2547 913 2601 54⁰

65 2615 112 2674 Ex
126 2616 290 2675 Acheronte
305 2637 356 2676 suo
368 2619 455 2678 furvis
468 2620 610 2696 peperisse
623 2621 676 2677 sub
690 2621 798 2680 antris:

95 2733 101 2761 ¹
120 2738 253 2782 Certumst
266 2739 348 2792 Cereri,
360 2736 380 2784 it
390 2736 410 2784 is
420 2736 566 2786 determiued
576 2739 607 2800 by
621 2736 693 2786 Ceres
699 2756 707 2796 i
722 2738 794 2786 Ceres
805 2737 825 2788 ir
835 2738 912 2789 deter-

46 2795 140 2851 mined,
153 2815 186 2856 or,
198 2798 315 2848 rcsolred.

167 3018 258 3036 4
