1912 3082
53 133 108 189 124
351 136 602 186 METAMORPH.

52 275 113 331 Aut
127 272 228 342 minus,
242 282 292 332 aut
306 273 385 332 certe
397 274 522 331 medium
536 291 593 329 non
605 271 725 348 amplius
738 291 836 348 aequor

51 352 152 428 Puppe
166 355 324 422 secabatur,
338 353 480 428 longeque
493 362 554 410 erat
566 362 685 426 utraque
698 350 784 408 tellus
794 355 823 419 ¹3

51 431 126 489 Crim
140 450 217 489 mare
231 434 284 489 sub
299 443 413 489 noctem
427 432 542 489 tumidis
555 430 699 487 albescere
713 430 802 505 coepit
841 430 870 486 dl

51 508 208 579 Fluctibus,
223 522 253 567 et
266 530 391 587 praeceps
403 511 507 586 spirare
520 508 660 567 valentiirs
674 508 777 565 Eurus

52 589 161 658 Ardua,
172 590 347 666 J'amdudum,
363 589 503 646 demittite
518 606 632 655 cornua,
644 591 758 644 rector²

52 667 182 734 Clamat;
202 678 231 724 et
246 667 375 725 antennis
387 677 481 723 totum
495 666 677 724 subnectite³
689 665 794 722 velum.

52 746 111 802 Hic
122 748 222 822 jubete
243 745 400 821 impediunt
414 746 538 802 adversae
548 749 627 822 jussa
640 744 781 821 procellae,

52 823 115 880 Nec
129 824 196 880 sinit
209 824 298 881 audiri
310 842 411 881 vocem
423 824 518 899 fragor
531 823 650 900 aequoris
663 823 760 879 ullam.

53 901 161 978 Sponte
175 913 270 959 tamen
284 913 436 979 properant
449 903 496 960 alii
509 903 668 960 subducere
681 919 792 969 remos3

53 981 122 1038 Pars
135 982 245 1038 munire
257 981 331 1038 latus
341 986 372 1049 *ς
389 1000 454 1058 pars
467 980 559 1040 ventis
571 980 635 1038 vela
648 998 762 1056 negare.

53 1058 172 1135 Egerit⁶
186 1060 233 1118 hic
246 1061 358 1129 fluctus,
369 1079 520 1136 aequorque
532 1058 657 1116 refundit
668 1059 697 1114 in
710 1077 822 1134 aequ0r3

53 1138 113 1195 Hic
126 1138 219 1215 rapit⁶
232 1148 379 1197 antennas.
420 1141 492 1203 Quae
505 1138 574 1195 dum
584 1137 644 1194 sine
657 1137 741 1212 lege7
755 1145 870 1212 geruntt

54 1218 166 1292 Aspera
179 1216 281 1274 crescit
293 1218 402 1293 hyems,
415 1217 547 1292 omnique
560 1236 577 1275 e
590 1226 670 1292 parte
683 1217 793 1273 feroces
841 1216 870 1273 4!

53 1295 134 1352 Bella
147 1305 250 1370 gerunt
262 1295 347 1363 venti,
362 1294 489 1371 fretaque
503 1294 678 1370 indignantia
690 1294 822 1352 miscent.

53 1372 120 1449 Ipse
131 1382 224 1448 pavet,
239 1391 293 1430 nec
307 1392 347 1442 se,
360 1373 407 1449 qui
421 1374 457 1430 sit
471 1384 569 1442 status,
585 1374 645 1448 ipse
656 1373 762 1430 fatetur

55 1450 133 1508 Scire
146 1450 213 1508 ratis
226 1461 335 1517 rector;
354 1469 408 1508 nec
419 1451 486 1527 quid
498 1453 642 1528 jubeatve,
656 1461 787 1509 vetetve:

54 1527 149 1586 Tanta
161 1529 228 1586 mali
242 1529 350 1587 moles⁸
363 1530 480 1606 totisque
493 1530 636 1606 potentior
650 1540 711 1588 arte
725 1540 780 1587 est.

54 1607 168 1685 Quippe
182 1619 284 1666 sonant
297 1609 420 1666 clamore
433 1607 492 1678 viri,
507 1608 625 1666 stridore
638 1608 782 1676 rudentes,

57 1686 204 1744 Undarum
216 1686 330 1745 incursu
344 1687 435 1764 gravis
449 1688 533 1756 unda,
548 1687 699 1744 tonitribus
713 1686 810 1743 aether.

55 1763 204 1824 Fluctibus
217 1766 341 1842 erigitur,
356 1767 516 1842 coelumque
530 1785 641 1842 aequare
652 1765 763 1821 videtur

57 1844 174 1913 Pontus,
189 1854 218 1901 et
232 1845 363 1903 inductas
376 1847 522 1921 aspergine
535 1855 651 1920 tangere
665 1845 776 1901 nubes:

56 1921 96 1978 Et
109 1923 204 1990 modd,
219 1923 286 1980 chm
299 1923 390 1980 fulvas
404 1943 440 1980 ex
454 1925 511 1979 imo
524 1925 609 1981 verrit
622 1940 729 1989 arenas,

57 2000 199 2057 Concolor
208 2011 252 2058 set
266 2002 328 2070 illis,
345 2002 444 2077 stygia
454 2001 540 2059 modi>
554 2002 659 2077 nigrior
671 2000 763 2056 undhr
843 2001 870 2055 5⁴

58 2078 197 2134 Sternitur
207 2078 356 2147 interdum,
372 2079 533 2154 spumisque
547 2080 713 2137 sonantibus
727 2079 813 2136 albet.

55 2156 123 2232 Ipsa
136 2155 248 2231 qudque
261 2156 304 2211 his
318 2156 411 2231 agitur
423 2156 532 2214 vicibus
547 2157 698 2215 Trachinia
710 2157 823 2233 puppis.

57 2233 97 2291 Et
110 2232 196 2289 modd
209 2232 345 2301 sublimis,
359 2234 448 2291 veluti
461 2234 498 2291 dc
511 2235 616 2293 vertice
627 2236 740 2304 montiS,

57 2309 212 2387 Despicere
224 2311 253 2366 in
266 2311 362 2379 valles,
376 2313 520 2388 imumque
534 2315 699 2371 Acheronta
711 2313 833 2370 videtur.

57 2391 151 2459 Nunc,
165 2389 215 2447 ubi
229 2390 378 2448 demissam
393 2410 508 2448 curvum
523 2392 709 2450 circumstetit
720 2411 826 2469 aequor,

89 2501 216 2563 ‘Utraque
226 2507 300 2556 tellus,
317 2505 392 2552 either
402 2505 464 2560 land,
480 2509 496 2554 i.
513 2524 533 2554 e.
554 2507 653 2559 Groecia,
673 2509 764 2559 Graece,
780 2506 827 2552 and
846 2507 869 2553 A

75 2565 148 2618 liner,
161 2568 265 2613 Natalia.
298 2567 411 2622 'Rectum
425 2570 464 2615 the
475 2570 540 2628 pilot.
572 2569 725 2622 'Subnectite
737 2569 793 2614 surl.
826 2568 870 2616 ‘M

73 2631 109 2675 ire
119 2631 218 2682 latitate
226 2629 352 2689 fortilythe
360 2630 416 2684 side,
427 2633 443 2678 ἰ.
454 2648 471 2678 e.
484 2640 509 2677 to
517 2632 550 2677 fill
560 2647 593 2691 up
601 2634 641 2677 the
649 2631 733 2678 chinlrs
741 2646 768 2676 or
776 2631 870 2685 leelina

67 2691 154 2751 bereby
170 2700 266 2750 prevent
282 2693 321 2738 the
337 2703 409 2739 water
424 2691 485 2740 l'rom
501 2694 597 2756 coming
612 2694 664 2740 into
680 2695 719 2739 the
729 2693 790 2753 ship.
822 2694 870 2752 ⁸E,

65 2754 91 2808 r‘t,
109 2755 198 2801 throrrs
212 2762 262 2802 out
297 2753 404 2817 ‘Rapit
421 2756 487 2804 takes
496 2756 592 2819 quiclsly
603 2756 681 2803 down.
716 2755 726 2782 ¹
742 2759 815 2816 Lege,
830 2757 870 2804 ord

57 2815 143 2874 Μαίη,
155 2818 198 2867 tha
208 2818 362 2884 magnitude.

125 2996 259 3028 A.
