1912 3082
85 115 125 171 64
393 116 644 169 unrxuonrrt.
677 109 679 113 ’

85 255 191 326 Morte,
206 255 254 324 ait,
268 255 322 315 ede
339 258 421 315 tuum
434 276 548 326 nomen,
559 275 719 333 nomenque
729 266 890 333 parentum,

86 334 126 392 Et
139 336 267 412 patriam,
281 336 421 413 morisque
432 338 497 394 novi
511 356 562 395 cur
575 353 654 395 saera
665 337 827 412 frequentes
839 340 856 392 ¹.

124 414 178 472 Ille
189 426 271 472 metu
284 435 391 473 vacuus
401 420 421 484 ²,
435 417 549 474 Nomen
562 415 640 483 mihi,
654 414 734 482 dixit,
750 415 888 480 Acoetes3

85 492 188 562 Patria,
204 494 330 552 Maeonia
341 505 400 561 est;
419 495 517 551 humili
532 495 568 552 de
581 495 666 571 plebe
679 503 820 569 parentes.

85 570 152 629 Non
160 573 241 643 mihi,
256 593 319 650 quae
332 573 394 630 duri
408 574 542 641 colerent,
555 583 644 649 pater,
658 591 725 629 arva
735 571 859 649 juvenci

84 651 275 728 Lanigerosve
288 671 388 728 greges
396 652 416 721 ³,
427 671 485 708 non
499 651 557 708 ulla
571 662 699 708 armenta
709 650 723 681 ⁴
735 650 859 726 reliquit.

85 729 198 806 Pauper
210 741 240 787 et
253 730 314 806 ipse
325 731 398 798 fuit;
418 731 532 806 linoque
543 730 554 762 ⁵
569 731 678 788 solebat
693 739 723 786 et
736 729 830 786 hamis

83 808 233 885 Decipere,
248 819 277 866 et
291 809 399 866 calamo
410 813 422 849 ⁶
435 810 567 866 salientes
581 810 685 866 ducere
698 808 800 885 pisces.

84 889 142 944 Ars
156 888 195 944 illi
210 907 261 945 sua
274 907 376 945 census
388 890 399 924 ⁷
410 899 479 946 erat.
520 889 595 946 Cum
609 888 733 946 traderet
746 897 855 955 artem3

84 967 203 1043 Accipe,
218 985 288 1043 quas
301 967 402 1036 habeo,
417 966 502 1024 studii
517 986 663 1024 successor
676 976 706 1024 et
718 966 817 1034 haeres,

84 1045 175 1116 Dixit,
187 1065 273 1124 opes;
286 1047 464 1123 moriensque
477 1046 546 1103 mihi
559 1045 628 1103 nihil
641 1046 689 1102 ille
702 1044 825 1120 reliquit,
880 1047 899 1100 5

83 1125 194 1184 Praeter·
204 1145 308 1202 aquas:
328 1145 416 1183 unum
430 1126 485 1184 hoc
497 1144 613 1202 possum
623 1123 765 1201 appellare
778 1135 900 1200 patemu

83 1203 158 1261 Mox
172 1224 236 1280 ego,
251 1225 288 1262 ne
299 1205 423 1280 scopulis
435 1205 571 1263 haererem
584 1223 694 1280 semper
707 1203 734 1258 in
749 1203 850 1272 isdem,

84 1282 219 1341 Addidici
229 1283 363 1358 regimen,
379 1283 480 1340 dextra
491 1284 665 1351 moderante,
677 1282 781 1339 carinae

82 1361 211 1418 Flectere
222 1385 229 1429 ς
250 1371 280 1418 et
294 1361 404 1418 Oleniae
417 1362 495 1418 sidus
507 1362 629 1438 pluviale
644 1361 769 1437 capellae,

83 1439 297 1517 Taygetenque,
313 1439 496 1516 Hyadesque,
512 1441 610 1510 oculis,
627 1442 803 1516 Arctonque,
818 1449 901 1496 notar

81 1517 296 1595 Ventorumque
310 1519 410 1576 domos
418 1522 438 1587 ⁸,
453 1529 483 1576 et
495 1530 594 1596 portus
605 1520 750 1596 puppibus
767 1530 860 1596 aptos.

82 1593 168 1655 Forte
181 1608 283 1674 petens
297 1599 401 1666 Delon,
415 1598 480 1655 Diae
493 1598 601 1656 telluris
614 1598 652 1656 ad
666 1618 729 1656 oras

83 1677 230 1753 Applicor,
246 1688 275 1734 et
289 1677 395 1736 dextris
407 1677 534 1736 adducor
546 1678 629 1736 litora
641 1679 726 1735 remis
737 1681 758 1746 ⁹,

82 1755 187 1833 Doque
201 1758 276 1814 leves
291 1758 387 1826 saltus,
402 1757 522 1833 udaeque
534 1757 639 1813 innitor
649 1776 750 1815 arenae.

81 1832 150 1892 Nox
163 1835 212 1893 ubi
225 1847 374 1894 consumta
384 1847 428 1894 est
439 1860 447 1903 ς
468 1841 580 1896 Aurora
592 1837 742 1894 rubescere
750 1834 901 1911 primunt<

83 1915 226 1991 Coeperat,
241 1935 372 1991 exsurgo,
387 1916 542 1992 laticesque
554 1916 656 1973 inferre
669 1926 798 1972 recentes

82 1993 242 2061 Admoneo,
257 2005 440 2069 monstroque
452 1995 535 2062 viam,
550 2014 612 2070 quae
626 1993 713 2051 ducat
726 1994 763 2051 ad
776 1992 878 2049 undas.

81 2070 155 2146 lpse,
169 2071 238 2146 quid
251 2091 319 2128 aura
332 2072 399 2127 mihi
414 2072 524 2128 tumulo
537 2073 685 2148 promittat
698 2074 735 2131 ab
749 2073 817 2139 alto,

83 2148 239 2225 Prospicio‚
253 2150 428 2225 comitesque
441 2169 522 2219 voco,
536 2162 691 2227 repetoque
704 2151 838 2209 carinam.

81 2227 237 2295 Adsumus,
251 2227 305 2294 en!
322 2228 420 2303 inquit,
435 2228 575 2288 sociorum
593 2231 699 2306 primus
714 2229 869 2307 Opheltes:

81 2305 179 2381 thue
192 2317 285 2382 putat,
298 2307 422 2383 praedam
436 2309 548 2366 deserto
562 2320 664 2369 nactus
676 2310 706 2366 in
719 2327 796 2386 agro,

80 2383 216 2459 Virginea
227 2405 348 2462 puerum
366 2386 446 2444 ducit
459 2406 510 2464 per
522 2388 606 2446 litora
618 2388 718 2446 formis.

112 2485 278 2554 ¹Frequentes,
290 2492 347 2542 thou
359 2496 502 2545 celebratest.
535 2499 545 2527 ²
562 2504 650 2547 Vacuus
661 2510 728 2553 metu,
740 2499 789 2546 free
800 2499 861 2544 irom
872 2499 901 2543 fer

79 2555 182 2608 fearless‚
196 2574 230 2614 or,
242 2559 389 2606 undaunted.
424 2560 572 2622 ’Lanigeros
580 2580 665 2624 greges,
674 2563 847 2623 wool-bearing
859 2561 901 2606 flou

81 2623 97 2664 i.
109 2636 127 2666 e.
146 2621 224 2678 sheep.
258 2619 400 2676 ‘Armenta
417 2623 493 2668 herds.
528 2624 615 2677 6ϋηο,
632 2625 688 2670 with
706 2641 721 2672 a
737 2636 784 2671 net.
817 2623 901 2670 ‘Calor

79 2682 136 2728 with
147 2698 162 2729 a
172 2682 233 2736 racd,
252 2685 268 2731 i.
288 2700 308 2731 e.
327 2685 384 2730 with
398 2701 414 2731 a
427 2685 577 2746 iishing·r0d.
610 2687 721 2741 'Census
737 2688 775 2733 his
783 2695 872 2734 estate:
894 2685 901 2730 l

74 2745 177 2812 Census.
212 2745 321 2795 'Bomos
338 2757 462 2803 centorum,
478 2749 518 2795 the
534 2749 619 2796 houses
635 2750 664 2795 of
677 2751 717 2796 the
732 2750 817 2807 winde,
834 2754 850 2796 ι’.
866 2762 901 2795 el

49 2813 139 2854 Pomts
155 2807 222 2854 from
243 2811 321 2859 wlriclr
341 2813 397 2875 they
415 2811 486 2862 blow.
518 2813 636 2862 'Deaetr'es
652 2808 901 2872 reminurimourriqj

43 2857 116 2906 band
124 2879 183 2914 aare
189 2885 203 2927 ,⁰
224 2875 283 2922 witlr
294 2892 345 2926 our
352 2877 484 2929 starboard
497 2893 559 2926 ears.
