1912 3082
197 158 270 207 ΜΒ.
292 159 331 206 ΙΙ.
352 159 432 207 FAB.
452 159 475 206 1.
730 161 769 216 8}

12 293 66 350 ulis
77 297 223 370 juvenem
236 294 338 371 quibus
351 293 453 370 aspicit
466 292 569 356 omnia.
583 295 662 353 vidit.

12 393 38 430 re
52 373 106 430 viae
119 372 174 430 tibi
187 373 296 430 causa?
316 373 384 448 quid
397 373 459 441 hdo,
474 373 522 441 ait,
536 391 601 433 arce
614 376 722 449 petisti,

12 452 75 519 ries,
91 451 249 520 Phaethon,
263 450 339 508 haud
353 451 504 508 inficianda
516 452 649 527 parenti?

12 531 63 587 iert
75 551 83 587 ι
111 530 138 586 0
150 529 157 590 !
180 530 231 586 lux
243 529 371 586 immensi
385 528 501 606 publica
513 529 622 599 mundi,

12 629 22 666 ὲ
34 620 125 684 pater,
140 609 163 666 si
177 609 227 665 das
240 608 324 685 hujus
337 607 405 664 mihi
419 607 557 665 nominis¹
572 627 664 679 usum,

12 687 61 744 dsd
75 687 213 763 Clymene
227 687 339 763 culpam
353 687 406 743 sub
420 686 543 762 imagine
556 686 650 755 celat;

12 784 36 822 ra
49 766 95 834 da,
110 765 247 841 genit0r2,
261 783 312 840 per
324 784 387 840 quae
401 774 451 821 tua
464 784 530 822 vera
542 784 669 842 propago

12 864 36 910 r;
57 855 88 901 et
100 845 177 901 hunc
190 843 289 900 animis
303 846 444 900 errorem³
458 843 575 900 detrahe
589 845 700 902 nostris.

13 933 83 979 erat.
124 923 166 979 At
185 922 296 999 genitor
315 921 422 978 circum
442 933 529 998 caput
555 941 640 981 omne
661 925 768 981 mican-

11 1019 36 1058 es
726 1005 767 1060 40

13 1079 56 1136 uit
69 1079 171 1148 radios,
184 1078 355 1156 propiusque
368 1077 505 1136 accedere
517 1079 618 1154 jussit:

12 1177 116 1233 exuque
128 1159 204 1226 dato,
218 1176 272 1216 nec
285 1168 317 1215 tn
330 1177 411 1215 meus
424 1176 486 1215 esse
500 1156 597 1232 negari

14 1256 72 1294 ses
81 1241 112 1303 ⁴3
132 1247 162 1294 et
176 1236 313 1312 Clymene
326 1255 416 1304 veros,
430 1236 479 1305 ait,
493 1234 583 1293 edidit
596 1246 683 1294 ortus.

12 1315 142 1373 reminds
156 1315 286 1381 dubites;
303 1315 422 1390 quodvis
435 1325 502 1391 pete
516 1333 627 1384 munus,
642 1314 759 1374 utillud

12 1395 132 1461 [buente
145 1394 227 1450 feras.
267 1392 414 1451 Promissis
427 1392 508 1451 testis
521 1393 621 1451 adesto

13 1472 103 1529 randa
115 1473 196 1548 palus
204 1472 225 1540 ⁵,
239 1471 328 1529 oculis
342 1472 486 1548 incognita
499 1472 611 1529 nostris.

26 1553 100 1609 bene
114 1551 250 1617 desierat3
272 1569 370 1608 currus
382 1561 464 1625 rogat
476 1549 525 1608 ille
538 1561 680 1626 paternos,

19 1630 96 1686 diem
109 1629 251 1705 alipedum
262 1633 273 1669 ⁶
284 1632 330 1706 jus
344 1639 374 1686 et
387 1629 568 1687 moderamen
582 1648 728 1704 equorum.

12 1708 53 1764 uit
64 1708 171 1784 jurdsse
184 1718 302 1784 patrem,
317 1707 363 1782 qui
378 1718 476 1783 terque
491 1718 644 1784 quaterque

12 1787 91 1843 tiens
103 1785 211 1843 iilustre
224 1796 319 1862 caput,
335 1785 503 1854 Temeraria,
518 1786 599 1854 dixit,
729 1788 768 1842 50

12 1884 60 1921 rea
72 1864 147 1921 facta
160 1864 210 1921 tud
223 1875 267 1922 est
277 1867 297 1921 ⁷.
337 1864 454 1922 Utinam
468 1864 605 1941 promissa
618 1864 716 1921 liceret

12 1962 64 1999 are
74 1943 102 2000 ⁸!
129 1943 273 2010 confiteor,
288 1941 378 1999 solum
391 1943 447 2000 hoc
460 1943 522 2012 tibi,
536 1952 612 2011 nate,
627 1961 768 2019 negarem.

12 2022 89 2078 tdere
103 2021 177 2077 licet.
219 2021 284 2077 Non
298 2031 342 2078 est
355 2031 405 2078 tua
418 2031 481 2079 tuta
494 2021 634 2078 voluntas.

12 2120 25 2156 a
38 2100 121 2175 petis
136 2100 292 2167 Phaethon,
307 2110 336 2155 et
349 2119 411 2174 quae
425 2119 478 2157 nec
491 2100 597 2156 viribus
610 2099 691 2157 istis⁹

12 2199 38 2235 ra
53 2179 230 2245 conveniant,
245 2197 298 2235 nec
313 2189 369 2234 tam
383 2178 537 2254 puerilibus
547 2182 568 2215 ¹⁰
580 2178 670 2235 annis.

12 2338 46 2383 tus
62 2338 169 2393 nominis,
186 2339 200 2383 i.
217 2353 235 2382 e.
250 2338 333 2396 patris.
365 2334 375 2362 ¹
394 2337 494 2386 Genitor.
512 2337 527 2380 i.
544 2351 563 2381 e·
584 2337 627 2390 dd,
643 2351 662 2381 u.
681 2336 770 2394 Apollo.

12 2416 53 2450 rm,
72 2398 153 2452 doubt,
170 2399 324 2457 uncertainty.
358 2396 471 2457 ‘Dignus
489 2412 518 2448 er,
538 2406 574 2442 art
590 2398 648 2442 thou
665 2398 769 2455 worthy3

12 2477 43 2506 ou
60 2461 162 2507 deserve.
196 2461 293 2513 “Palea
307 2462 322 2507 ἱ.
338 2475 357 2505 e.
369 2463 430 2520 Styx.
463 2457 615 2518 ⁸Alipedam,
632 2459 770 2518 ming-foot-

15 2524 44 2574 ft,
64 2540 99 2579 or,
115 2523 175 2568 fleet.
208 2522 283 2568 'Mea
299 2537 340 2568 nor
355 2530 388 2568 est
414 2530 465 2567 orta
483 2523 605 2567 temeraria
621 2517 662 2566 tad
680 2515 771 2580 (voce),

12 2586 32 2631 ·d
46 2585 64 2631 is
75 2588 172 2630 become
183 2585 235 2630 rash
246 2587 277 2642 by
288 2585 329 2644 thy
340 2600 386 2630 wor
402 2617 408 2638 ,
421 2586 435 2628 i.
447 2599 466 2629 e.
480 2597 521 2642 my
532 2580 664 2642 promiseis
674 2582 772 2625 berum

12 2664 19 2700 y
38 2650 80 2707 thy
99 2657 198 2707 request.
232 2647 308 2693 ⁸Non
328 2649 390 2698 dure,
410 2653 452 2690 not
468 2653 493 2689 to
509 2644 579 2704 give3
598 2650 640 2687 not
658 2649 683 2686 to
701 2637 771 2684 toltit

12 2711 64 2755 that
75 2709 157 2756 seeble.
191 2709 208 2738 ¹⁰
220 2710 355 2762 Pueriiibus,
367 2707 482 2768 childish;
499 2708 637 2754 immature.
