1912 3082
157 124 231 177 ΗΒ.
251 125 312 174 XV·
348 126 430 174 FAB·
449 127 498 175 Li.
699 121 755 178 1⁵5

12 263 64 327 aar,
77 269 110 316 ut
123 277 234 336 semper
248 259 390 336 Capitolia
401 271 498 319 nostra
512 261 674 338 Forumque

12 340 47 395 ab
60 339 173 396 excelsa
185 350 350 415 prospectet
362 339 456 396 Julius
468 340 538 398 aede.

12 436 44 474 ea
53 417 128 475 fatus
141 430 211 487 erat,
225 419 320 474 medii
333 437 399 475 cum
414 419 481 476 sede
496 419 619 479 Senatus

11 496 40 555 it
53 497 128 553 alma
142 498 248 566 Venus,
263 497 334 553 nulli
344 498 495 567 cernenda,
508 497 608 573 suique

12 595 21 631 s
35 576 138 650 eripuit
151 577 294 644 membris,
306 595 361 634 nec
375 576 405 633 in
417 579 484 634 a‘e'ra
497 577 568 634 solvi

12 665 145 712 'ecentem
156 656 287 723 animam,
303 655 468 713 coelestibus
481 655 577 713 intulit
590 655 682 715 astris.

11 752 38 788 re
54 733 129 801 tulit,
144 734 239 790 lumen
251 753 361 809 capere,
375 745 461 809 atque
475 735 621 810 ignescere
637 735 734 807 sensit,

12 830 64 885 que
79 812 159 867 sinu·
181 813 264 868 Lumi
277 812 354 869 volat
368 813 454 869 altius
468 813 524 881 illa,

14 889 169 965 iferumque
183 891 297 947 trahens
311 891 435 966 spatioso
447 892 536 949 limite
550 891 656 950 crinem

12 968 102 1037 micat,
116 969 230 1044 natique
242 969 340 1025 videns
351 969 509 1037 benefacta,
522 970 637 1040 fatetur,
694 973 754 1028 850

12 1047 46 1102 ris
59 1051 174 1122 majora,
188 1059 217 1103 et
230 1047 303 1103 vinci
316 1047 422 1121 gaudet
436 1049 473 1104 ab
487 1048 545 1103 illo.

12 1145 27 1182 a
40 1126 163 1201 praeferri
177 1144 339 1201 quanquam
352 1136 431 1182 vetat
444 1136 510 1182 acta
523 1126 657 1201 paternis,

19 1203 94 1260 fama
107 1215 212 1271 tamen,
226 1204 366 1278 nullisque
378 1204 503 1261 obnoxia
513 1205 606 1280 jussis,

12 1301 28 1336 n
41 1283 161 1358 praefert,
176 1283 288 1358 unaque
302 1282 332 1338 in
345 1293 426 1358 parte
439 1293 587 1362 repugnat.

12 1361 62 1435 gni
77 1361 154 1418 cedit
168 1361 258 1418 titulis
273 1363 496 1436 Agamemnonis
510 1363 634 1430 Atreus;

12 1440 51 1496 sic
65 1439 201 1507 ‘iireseus
216 1440 256 1496 sic
272 1440 358 1497 Pelea
368 1441 456 1498 vincit
470 1441 606 1498 Achillea.

11 1537 45 1584 re,
61 1528 93 1573 ut
107 1519 244 1594 exemplis
258 1519 334 1594 ipsos
346 1520 522 1594 aequantibus
536 1530 608 1587 utar,

12 1597 147 1653 Saturnus
158 1598 249 1653 minor
263 1607 306 1653 est
320 1598 401 1653 Jove.
441 1598 554 1672 Jupiter
567 1616 646 1655 arces
744 1624 747 1632 ¹

12 1685 57 1731 :rat
71 1676 215 1743 aethereas,
230 1685 259 1731 et
270 1675 368 1730 mundi
380 1693 468 1749 regna
478 1675 626 1732 triformis:

12 1756 56 1811 tub
71 1757 202 1829 Augusto
213 1778 220 1820 ;
240 1764 321 1829 pater
333 1763 376 1809 est
388 1763 418 1809 et
431 1763 524 1809 rector
534 1763 662 1828 uterque.
693 1754 753 1810 86⁰

12 1851 75 1901 icor,
89 1833 189 1890 AEneae
203 1832 330 1900 comites
345 1831 447 1907 quibus
461 1831 535 1887 ensis
548 1841 579 1888 et
592 1831 664 1907 ignis

12 1922 67 1979 unt,
83 1912 178 1987 Dique
192 1911 345 1986 Indigetes,
361 1909 536 1985 genitorque,
552 1911 678 1979 Quirine,

16 2000 45 2046 et
59 1990 154 2046 invicti
167 1990 285 2066 genitor,
300 1989 431 2056 Gradive,
447 1987 566 2057 Quirini,

13 2087 49 2124 ue
59 2068 201 2125 Caesareos
215 2069 288 2124 inter
302 2079 411 2125 sacrata
421 2068 553 2135 Penates,

12 2167 24 2200 n
37 2147 165 2204 Caesaresi
177 2158 217 2214 tu,
231 2147 339 2203 Phoebe
351 2146 516 2215 domestice,
532 2146 629 2217 Vesta,

12 2244 17 2280 e
30 2235 111 2281 tenes
123 2226 196 2281 altus
212 2226 345 2301 Tarpeias
359 2226 472 2302 Jupiter
485 2245 573 2294 arces,

12 2323 40 2360 re
53 2304 123 2360 alios
137 2304 195 2359 vati
208 2303 250 2360 fas
264 2304 405 2379 appellare
419 2305 563 2380 piumque,

14 2382 50 2438 sit
65 2382 113 2438 illa
126 2381 194 2448 dies,
209 2393 238 2438 et
251 2394 347 2439 nostro
360 2384 446 2439 serior
459 2403 529 2451 aevo,

12 2471 69 2536 iput
81 2461 254 2536 Augustum,
269 2480 353 2536 quem
367 2471 515 2536 temperat,
530 2463 599 2519 orbe
610 2461 719 2529 relicto,

12 2549 37 2595 at
52 2540 133 2607 coelo,
148 2539 296 2614 faveatque
308 2540 490 2615 precantibus
501 2540 613 2596 absens.
693 2541 754 2597 870

12 2713 79 2757 :our
94 2717 165 2772 opus
179 2696 270 2772 exegi,
284 2696 361 2771 quod
375 2715 428 2752 nec
441 2695 521 2753 Jovis
535 2695 584 2764 ira,
597 2716 652 2755 nec
663 2697 749 2772 ignes

12 2776 85 2831 >terit
98 2777 209 2843 ferrum,
225 2795 280 2833 nec
294 2775 368 2834 edax
385 2775 504 2837 abolete
516 2786 667 2835 uetustas.

12 2853 62 2907 ›Iet
73 2853 120 2909 illa
135 2855 205 2924 dics,
222 2875 289 2934 quae
304 2857 345 2916 nil
359 2858 418 2920 nisi
432 2857 687 2940 corporisixuquss
