1912 3082
74 146 130 202 188
374 150 626 199 METAMORPH.

71 286 157 344 Plura
165 286 279 362 quidem
290 285 354 356 feci,
367 287 453 364 quiam
463 306 525 364 quoe
539 285 741 362 comprendere
755 283 842 342 dictis
871 285 924 343 160

69 365 105 422 In
118 377 231 441 promtu
245 367 314 424 mihi
328 367 380 425 sita
399 386 494 424 rerum
508 376 605 424 tamen
618 364 716 422 ordine
731 363 831 422 ducar.

70 442 192 502 Praescia
205 445 318 504 venturi
330 446 454 522 genitrix
467 446 572 503 Nereia
585 443 643 514 leti,

69 521 240 582 Dissimulet
251 526 331 584 cultu
342 535 458 582 natum:
479 525 631 599 deceperat
642 541 750 592 omnes,

70 597 107 658 ln
121 604 224 679 quibus
238 607 368 680 Ajacem,
384 613 484 661 sumtae
495 602 608 660 fallacia
619 602 714 659 vestis.

72 682 164 738 Arma
178 702 232 758 ego
246 681 383 751 femineis,
398 681 525 738 animum
538 691 652 738 motura
663 680 781 749 virilem,

70 757 219 818 Mercibus
233 761 345 818 inserui.
386 761 488 835 Neque
499 759 593 817 adhue
605 763 763 836 proJecerat
775 761 861 818 heros

73 837 224 914 Virgineus
235 840 358 907 habitus,
373 838 440 896 curn
451 857 579 916 parmam
593 840 760 914 hastamque
774 839 894 908 tenenti,

71 916 149 975 Nate
166 919 239 988 Ded,
253 918 324 987 dixi,
337 918 390 977 tibi
404 936 435 975 se
448 917 573 994 peritura
586 928 730 975 reservant

73 995 222 1072 Pergama.
264 999 342 1063 Quid
353 997 468 1055 dubitas
481 997 626 1073 ingentem
635 1007 761 1054 evertere
776 995 914 1074 Trojam?

71 1076 221 1154 InJeoique
234 1097 359 1147 manum,
369 1077 527 1153 fortemque
541 1077 578 1133 ad
591 1076 675 1134 fortia
687 1075 760 1133 misi.
869 1076 923 1132 170

72 1154 152 1232 Ergo
166 1176 253 1233 opera
265 1157 339 1215 illius
350 1175 415 1214 mea
427 1167 502 1214 sunt.
543 1155 607 1231 Ego
620 1155 768 1230 Telephon
781 1155 865 1213 hasti

71 1232 252 1310 Pugnantem
263 1236 377 1302 domni;
396 1235 504 1293 victum
518 1245 701 1310 orantemque
712 1234 807 1291 refeci.

72 1313 159 1376 Qudd
172 1313 281 1371 Thebae
293 1315 431 1383 cecidere,
442 1333 537 1371 meum
550 1324 610 1371 est:
623 1333 670 1370 rue
679 1312 785 1370 credite
796 1313 923 1384 Lesbon,

71 1388 125 1448 Me
140 1391 287 1460 Tenedon,
303 1394 497 1470 Chrysenque,
508 1403 538 1449 et
550 1393 661 1468 Cyllan,
675 1391 817 1467 Apollinis
829 1395 923 1462 urbes,

71 1467 112 1527 Et
128 1470 237 1547 Scyron
249 1471 375 1548 cepisse:
395 1472 460 1530 med
471 1490 610 1529 concussa
622 1481 723 1547 putate
876 1516 879 1521 ,

71 1547 263 1609 Procubuisse
277 1551 338 1609 solo
352 1550 490 1628 Lyrnesia
503 1549 608 1608 moenia
621 1551 730 1608 dextra

72 1626 172 1704 thue
185 1629 254 1688 ulios
268 1641 396 1698 taceam3
416 1629 464 1706 qui
478 1649 583 1686 saevum
596 1630 714 1707 perdere
727 1639 825 1706 posset

72 1706 212 1778 Hectora,
223 1729 327 1787 nempe
338 1710 421 1768 dedi:
441 1729 493 1787 per
506 1729 552 1768 me
564 1713 642 1786 jacet
654 1709 779 1784 inclytus
792 1710 915 1770 Hector.

70 1785 133 1843 Illis
146 1786 209 1846 haeo
222 1789 316 1859 armis,
331 1790 434 1866 quibus
447 1799 492 1848 est
504 1789 636 1847 inventus
651 1788 787 1856 Achilles,

72 1866 163 1924 Arma
176 1880 262 1944 peto:
281 1869 345 1926 vivo
359 1868 503 1938 dederam,
516 1879 583 1944 post
595 1868 654 1927 fata
666 1885 795 1942 reposco.
868 1871 925 1926 180

113 1945 155 2003 Ut
170 1947 252 2004 dolor
263 1947 346 2004 nnius
359 1947 478 2005 Danaos
490 1947 619 2022 pervenit
632 1947 669 2003 ad
679 1964 787 2013 omnes,

72 2023 237 2101 Aulidaque
252 2025 411 2083 Euboicam
424 2024 605 2100 complerunt
617 2023 695 2080 mille
707 2022 827 2090 carinae;

71 2101 250 2178 Exspectata
263 2103 321 2172 diu,
335 2103 423 2170 nulla,
437 2113 488 2159 aut
501 2101 641 2159 contraria
651 2098 742 2168 classi,

71 2180 201 2239 Flamina
212 2192 297 2238 sunt:
318 2181 451 2256 duraeque
461 2182 564 2256 jubent
578 2181 797 2254 Agamemnona
810 2193 902 2241 sortes

69 2259 243 2317 Immeritam
254 2278 333 2316 saevae
346 2269 443 2316 natam
455 2269 580 2316 mactare
594 2258 704 2315 Dianae.

70 2337 206 2414 Denegat
218 2338 274 2395 hoc
286 2337 406 2414 genitor,
421 2337 559 2414 Divisque
573 2337 701 2396 irascitur
715 2337 798 2416 ipsisz

71 2418 170 2492 Atque
182 2417 211 2475 in
224 2437 292 2494 rege
304 2429 400 2476 tamen
412 2428 495 2496 pater
508 2427 560 2475 est.
601 2418 665 2494 Ego
677 2419 746 2476 mite
757 2417 882 2494 parentis

69 2496 220 2572 Ingenium
233 2498 327 2557 verbis
338 2497 375 2555 ad
387 2498 504 2574 publica
515 2498 665 2555 commoda
677 2498 757 2556 verti.

70 2576 157 2634 Nunc
169 2577 301 2652 equidem
314 2576 414 2646 fateor,
423 2576 554 2652 fassoque
568 2577 697 2652 ignoscat
712 2576 836 2644 Atrides,

71 2655 226 2713 Difficilem
239 2656 317 2713 tenui
332 2658 384 2714 sub
399 2656 495 2732 iniquo
507 2655 603 2732 judice
617 2673 741 2712 causam.
865 2658 922 2712 190

61 2734 158 2792 Hunc
168 2745 265 2792 tamen
281 2733 388 2791 utilitas
400 2735 500 2812 populi
512 2733 669 2810 fratrisque,
681 2734 796 2810 datique

44 2807 173 2873 Summa
180 2825 285 2876 movet
291 2813 414 2896 sceptri,
425 2814 545 2876 laudem
551 2823 588 2872 ut
595 2831 664 2870 cum
670 2813 810 2888 sangiune
815 2825 930 2885 penset.
