1912 3082
224 122 296 169 ΗΒ.
317 123 341 169 1.
361 123 441 216 ΙίΛΒ.
460 123 527 170 Vll·

10 277 15 312 ε
30 256 153 313 tridente
167 275 219 312 suo
235 268 337 314 terram
349 257 505 334 percussit:
526 269 557 315 at
570 255 619 315 illa
688 302 692 311 .
735 285 740 293 ·

10 336 111 403 ernuit,
125 345 263 411 motuque
277 335 354 393 sinus
366 341 372 372 ¹
386 335 523 412 patefecit
536 354 682 412 equarum.

10 414 139 490 patiata¹
151 423 239 470 ruunt
252 432 303 490 per
315 424 428 490 apertos
440 413 559 472 flumine
571 432 697 493 campos,

10 511 81 569 nque
95 492 185 549 satis³
197 494 314 555 arbusta
326 492 418 561 simul,
431 492 621 568 pecudesque,
634 491 772 568 virosque,
808 526 811 531 ·

12 583 108 648 taque,
122 589 245 646 cumque
259 570 316 627 suis
329 570 442 646 rapiunt
454 571 611 646 penetralis
624 571 735 629 sacrm

10 669 51 724 qua
65 649 168 706 domus
182 649 294 716 mansit,
306 648 456 724 potuitque
470 648 598 706 resistere
612 658 694 705 tanto

10 732 99 804 ejecta
113 727 207 792 malo;
228 726 340 784 culmen
355 737 450 784 tamen
463 727 546 784 altior
558 727 643 803 hujus

9 807 36 862 la
50 804 132 881 tegit,
147 824 306 880 pressaeque
319 804 417 862 labent
431 806 484 862 sub
498 804 609 880 gurgite
623 814 723 862 turres.
746 806 805 861 290

10 904 114 960 amque
128 902 204 940 mare
218 894 247 941 et
262 883 345 941 tellus
358 882 467 939 nullum
481 882 630 941 discrimen
642 882 797 940 habebunt.

10 964 56 1019 nia
69 974 176 1038 pontus
189 973 286 1028 erant;
306 961 423 1038 deerunt
436 959 549 1037 quoque
562 960 645 1018 litora
656 972 756 1037 ponto.

10 1053 85 1117 :upat
97 1040 145 1098 hic
158 1040 260 1097 collem
271 1063 279 1107 3
299 1040 403 1116 cymbrl
415 1039 497 1097 sedet
592 1038 713 1107 adunes,

10 1119 88 1182 lucit,
97 1138 190 1176 remos
203 1118 270 1186 illic,
284 1118 333 1175 ubi
347 1137 436 1193 nuper
448 1119 549 1174 areret

18 1216 105 1273 supra
118 1208 237 1272 segetes,
251 1206 301 1253 aut
315 1215 413 1253 mersae
426 1194 551 1253 culmine
562 1193 643 1261 villoe,

10 1276 93 1351 rigam
112 1274 159 1332 hic
173 1275 283 1332 summi
294 1272 401 1350 pis‘cem
415 1273 564 1351 deprendit
577 1273 606 1329 in
620 1272 698 1330 ulmo
706 1276 728 1330 ⁴.

10 1365 61 1411 tur
74 1354 103 1409 in
117 1353 205 1422 viridi,
220 1354 242 1410 si
257 1353 313 1410 fors
326 1352 400 1420 tulit,
414 1353 537 1410 anchora
550 1362 649 1428 prato,

10 1454 14 1490 ;
27 1434 158 1508 subjecto
171 1441 266 1489 terunt
279 1450 372 1489 curvae
384 1431 479 1489 vineta
491 1431 603 1488 carine.

14 1512 100 1567 modo
115 1511 171 1587 qui
183 1509 301 1586 graciles
314 1528 431 1586 gramen
444 1511 575 1587 carpsere
588 1508 713 1585 capellae,

10 1608 37 1646 rc
52 1589 91 1646 ibi
105 1588 265 1646 deformesl
278 1582 389 1664 ponunt
401 1607 453 1645 sua
466 1607 583 1666 corpora
596 1588 706 1666 phocis..
744 1588 803 1644 300

11 1679 95 1724 antur
108 1669 160 1724 sub
175 1667 249 1742 aquo
261 1667 349 1735 lucos,
363 1668 511 1742 urbesque,
529 1667 685 1742 domosque

10 1745 108 1813 ·eides;
126 1745 264 1820 silvasque
277 1754 377 1802 tenent
389 1745 545 1822 delphines,
558 1745 665 1803 staltis

10 1834 103 1880 ursant
114 1824 208 1892 ramis,
221 1822 382 1899 agitataque
395 1826 498 1882 robore
510 1824 633 1902 pulsant.

10 1924 11 1954 ;
26 1901 195 1978 lupus-inter
208 1921 291 1969 oves3
309 1901 402 1959 fulvos
414 1902 492 1960 vehit
504 1903 582 1960 unda
594 1902 708 1977 leonem

10 1981 39 2038 la
53 1981 130 2039 vehit
143 1981 246 2058 tigres;
265 1999 320 2040 nec
332 1979 405 2039 vires
417 1980 541 2039 fulminis
554 1999 632 2057 apro,

10 2079 41 2117 ra
54 2078 109 2116 nec
122 2059 238 2117 ablato⁶
250 2069 370 2136 prosunt
382 2059 490 2117 velocia
503 2078 596 2117 cervo.

10 2138 141 2214 eritisque
154 2137 203 2194 diu
216 2137 306 2206 terris,
320 2137 369 2194 ubi
384 2138 474 2195 sidere
487 2138 578 2207 detur,

10 2235 77 2274 nare
90 2216 201 2274 lassatis
214 2215 335 2274 volucris
348 2234 420 2292 vaga
432 2216 539 2274 decidit
551 2215 612 2274 alis.

10 2306 95 2352 uerat
109 2294 234 2353 tumulos
247 2294 383 2358 immensa
396 2288 511 2352 licentid
523 2294 612 2370 ponti,

10 2372 243 2451 sabanoque'novi
251 2376 268 2418 l
276 2383 411 2430 montena
423 2373 571 2452 cacumina
583 2373 696 2432 fluctus.
744 2373 804 2429 310

10 2630 77 2680 linus,
89 2625 220 2673 reservoirs.
255 2625 420 2685 'Exspatintq
432 2628 471 2673 the
482 2621 626 2670 unbounded
636 2639 643 2678 ;
660 2622 700 2666 the
710 2615 804 2688 spread·

35 2689 111 2738 'Cum
122 2691 185 2744 rotis,
202 2688 257 2734 with
269 2689 309 2733 the
319 2688 427 2750 growing
437 2702 502 2735 corn.
533 2685 584 2733 ‘In
595 2681 683 2733 rumusd
692 2683 763 2734 ulmo,
779 2693 807 2725 in

10 2761 48 2810 top
58 2751 124 2797 osan
135 2752 188 2795 elur.
220 2751 369 2815 ‘fifirmrq
381 2752 448 2818 ugly,
466 2752 615 2816 misshopen.
644 2745 656 2776 ⁸
671 2746 756 2799 Abluto
771 2745 820 2812 lde

10 2811 34 2866 ι).
68 2811 222 2864 'Amnem
235 2821 342 2875 strange.

359 2902 378 2942 B
