1912 3082
69 114 127 172 154
374 88 649 167 uersuoarrr(
684 124 689 132 ·

71 249 187 313 Talibus
199 251 274 310 hanc
285 251 414 327 genitor:
436 252 503 311 Sola
517 251 706 329 insuperabile
719 251 821 322 fatum,

68 334 152 401 Nata,
163 349 277 389 movere
290 332 397 407 paras?
417 332 505 390 intres
518 331 586 390 lieet
599 332 661 408 ipsa
675 331 811 389 Sororum

67 413 158 471 Tecta
170 411 273 477 trium;
290 429 390 468 cernes
403 411 461 468 illic
473 411 617 469 molimine
631 421 711 468 vasto

67 491 114 548 Ex
127 511 191 560 aere,
206 501 236 548 et
250 489 340 547 solido
353 509 447 547 rerum
462 490 601 548 tabularia
611 489 694 557 ferro,
860 492 917 549 810

67 573 147 639 Quae,
160 589 252 646 neque
266 588 436 626 concursum
445 569 518 637 coeli,
532 588 624 644 neque
637 567 763 624 fulminis
773 567 855 638 ham,

66 649 138 718 Nec,
151 658 291 715 metuunt,
306 647 386 716 ullas,
400 658 464 704 tuta
475 657 561 722 atque
575 657 689 715 aeterna,
703 646 809 704 ruinas.

65 728 196 785 Invenies
209 726 268 783 illic
282 725 392 782 inclusa
403 727 554 782 adamante
565 725 683 801 perenni

67 807 136 864 Fata
150 805 191 862 tui
205 804 333 879 generis:
355 803 411 878 legi
425 804 494 879 ipse,
508 804 659 879 animoque
673 803 780 873 notavi,

69 880 104 942 Et
118 884 244 950 referam,
257 901 294 938 ne
308 882 346 939 sis
359 883 514 939 etiamnum
529 882 626 956 ignara
639 882 734 939 futuri.

65 963 123 1020 Hic
135 981 187 1019 sus
199 960 359 1036 complevit,
369 978 420 1035 pro
434 981 502 1037 quo,
517 961 669 1037 Cytherea,
684 961 807 1031 laboras,

65 1041 215 1116 Tempora,
230 1039 372 1114 perfectis,
384 1057 455 1114 quos
470 1050 551 1096 terrae
565 1039 673 1107 debuit,
688 1038 780 1097 annis.

65 1120 107 1178 Ut
120 1122 200 1177 Deus
214 1119 333 1176 accedat
347 1118 429 1186 coelo,
445 1117 614 1194 templisque
627 1118 746 1186 colatur,

65 1197 111 1254 Tu
124 1198 218 1265 facies,
234 1207 372 1272 natusque
387 1215 471 1262 suus;
491 1195 539 1271 qui
553 1196 673 1253 nominis
686 1197 776 1254 haeres

64 1276 233 1352 Impositum
246 1274 319 1332 feret
334 1275 420 1332 Urbis
432 1293 513 1342 onus,
535 1274 656 1351 caesique
669 1275 795 1351 parentis
856 1276 915 1335 820

64 1354 126 1410 Nos
140 1353 168 1409 in
182 1353 258 1409 bella
269 1371 335 1408 suos
348 1352 514 1409 fortissimus
528 1353 604 1410 ultor
616 1354 743 1412 habebit.

63 1431 143 1488 Illius
157 1430 288 1507 auspiciis
302 1433 425 1487 obsessae
438 1431 542 1487 moenia
555 1450 656 1506 pacem
952 1416 954 1513 i

62 1509 148 1568 Victa
165 1519 264 1584 petent
275 1508 413 1575 Mutinae;
431 1509 575 1567 Pharsalia
589 1510 693 1568 sentiet
705 1510 796 1580 illum,

64 1589 252 1664 Emathiique
265 1588 368 1646 iterum
383 1587 534 1646 madefacti
547 1589 624 1646 caede
639 1589 781 1664 Philippi;

64 1667 103 1725 Et
117 1687 251 1744 magnum
265 1667 366 1725 Siculis
379 1685 483 1724 nomen
495 1668 672 1743 superabitur
684 1668 786 1737 undis3

64 1747 243 1822 Romanique
255 1747 336 1804 ducis
350 1750 457 1823 conjux
470 1746 616 1822 AEgyptia,
631 1747 712 1804 taedae

63 1826 130 1882 Non
144 1828 218 1883 bene
231 1826 291 1894 fisa,
306 1826 406 1892 cadet;
425 1825 583 1901 frustraque
597 1825 650 1883 erit
663 1825 712 1885 illa
723 1826 840 1895 minate.

65 1904 208 1961 Servitnra
221 1925 273 1961 suo
289 1905 430 1980 Capitolia
443 1915 540 1962 nostra
549 1905 676 1980 Canopo.

65 1983 142 2045 Quid
157 1983 209 2039 tibi
224 1983 397 2051 Barbariem,
410 1994 511 2057 gentes
524 1984 561 2039 ab
573 1994 694 2058 utroque
705 1986 836 2059 jacentes

62 2061 180 2117 Oceano
194 2062 358 2119 numerem?
373 2061 562 2136 quodcunque
575 2062 731 2119 habitabile
740 2062 826 2121 tellus
853 2063 913 2121 830

62 2138 198 2206 Sustinet,
214 2139 297 2214 hujus
310 2139 379 2204 erin
399 2149 504 2212 pontus
516 2138 629 2214 qudque
641 2141 744 2198 serviet
757 2140 807 2198 illi.

61 2216 137 2274 Pace
149 2217 216 2273 data
230 2217 319 2284 terris,
333 2217 458 2272 animum
472 2217 509 2273 ad
523 2217 617 2274 civilia
628 2229 720 2276 vertet

60 2295 131 2354 Jura
146 2314 237 2362 suum,
252 2295 385 2370 legesque
399 2294 471 2352 feret
483 2296 654 2372 justissimus
668 2308 778 2368 auctor,

61 2374 258 2450 Exemploque
270 2392 321 2431 suo
336 2392 428 2430 mores
441 2385 538 2449 reget,
558 2375 644 2451 inque
656 2376 745 2434 futuri

61 2454 209 2529 Temporis
221 2464 334 2510 aetatem
347 2463 585 2530 venturorumque
599 2466 736 2531 nepotum

60 2532 246 2609 Prospiciens,
261 2532 370 2608 prolem
383 2534 482 2591 sancti
495 2533 532 2591 de
547 2537 670 2610 conjuge
682 2545 779 2592 natam

60 2610 143 2669 Ferre
158 2611 250 2680 simul,
264 2630 426 2687 nomenque
440 2630 532 2680 suum,
547 2631 685 2688 curasque
697 2611 821 2689 jubebit.

59 2690 131 2759 Nec,
145 2690 199 2747 nisi
213 2692 281 2748 crim
295 2691 388 2748 senior
402 2690 507 2747 similes
521 2691 672 2766 aequaverit
684 2709 783 2760 annos,

48 2769 208 2827 AEthereas
221 2769 306 2827 sedes
320 2779 500 2846 cognataque
514 2769 606 2827 sidera
618 2779 727 2845 tanget.
891 2826 895 2831 ,

30 2842 129 2904 Hanc
140 2848 273 2909 salmam
289 2849 406 2912 interea
419 2867 497 2910 caeso
513 2847 556 2910 de
566 2865 686 2924 corpore
697 2856 812 2920 raptam
859 2847 921 2899 aba
