1912 3082
90 95 152 171 ‘132
395 121 644 169 uuunuonru.

92 255 139 323 Et,
160 265 295 331 tanquam
308 254 406 332 ignoto
420 256 560 335 lacrymas
574 257 662 325 daret,
686 255 771 315 Heu!
788 255 881 324 miser,
896 255 938 312 in·

190 333 241 403 uit,
881 337 939 390 720

92 353 226 488 Quisduis
236 432 275 482 es,
287 423 317 471 et
327 413 350 470 si
359 434 415 491 qua
425 424 468 472 est
478 417 584 491 conjux
591 412 658 472 tibi!
676 413 823 470 Fluctibus
833 424 931 471 actum

92 490 138 547 Fit
151 492 268 568 propius
281 512 392 569 corpus.
433 493 517 556 Quod
530 511 587 568 quo
600 491 690 567 magis
704 491 752 547 illa
766 503 872 560 tuetur,

92 569 161 628 Hoc
174 571 277 639 minda,
287 581 317 628 et
329 570 423 626 minda
433 582 582 627 estamens
597 589 657 627 sua.
687 570 809 644 Jamque
822 589 937 646 propo,-

92 649 252 706 Admotum
265 659 354 716 terrae,
366 652 425 725 Jam
435 648 512 724 quod
521 666 692 723 cognoscere
705 658 810 723 posset,
858 653 937 724 [quae

93 727 199 784 Cernit.
240 726 310 782 Erat
323 730 437 802 conjux.
477 726 530 782 Ille
544 725 605 785 est!
629 726 778 793 exclamat,
790 736 820 782 et
834 727 894 784 unii

92 804 159 872 Ora,
172 823 276 872 comas,
289 815 398 861 vestem
411 803 533 861 lacerat:
554 805 729 880 tendensque
742 815 899 862 trementes

91 883 140 939 Ad
155 883 251 959 Ceyca
263 901 371 951 manus,
387 882 443 951 Sic,
458 882 485 940 Ο
500 882 641 941 carissime
655 887 769 959 conjux,

92 960 139 1019 Sic
153 962 190 1019 ad
203 980 257 1029 me,
272 960 439 1030 miserande,
453 960 551 1018 redis?
570 961 619 1018 ait.
660 961 785 1037 Adjecet
798 962 884 1019 undis

90 1039 179 1098 Facta
192 1059 277 1098 manu
291 1040 389 1108 moles,
403 1060 466 1117 quae
478 1039 583 1117 primas
592 1040 710 1115 aequoris
723 1040 778 1097 iras

90 1118 214 1195 Frangit,
229 1130 259 1177 et
271 1119 399 1177 incursus
413 1139 476 1195 quae
488 1118 669 1195 praedelassat
682 1137 827 1194 aquarum.
877 1121 936 1176 730

90 1198 182 1255 Insilit
195 1198 269 1255 hucr
289 1197 446 1274 mirumque
456 1197 510 1255 fuit
523 1208 665 1273 potuisse3
684 1197 817 1254 volabat:

91 1276 311 1351 Percutieusque
324 1276 416 1333 levem
429 1276 514 1333 modo
529 1276 603 1334 natis
616 1280 682 1334 a'e‘ra
694 1275 803 1352 pennis,

92 1353 255 1429 stringebat
269 1372 393 1411 summas
407 1354 466 1411 ales
480 1354 646 1412 miserabilis
659 1355 751 1412 undas
760 1358 777 1410 ¹.

89 1431 225 1507 Dumque
238 1432 323 1501 volat,
337 1443 439 1512 moesto
453 1432 582 1501 similem,
596 1433 769 1509 plenumque
783 1433 903 1509 querelae

91 1508 150 1568 Ora
163 1511 267 1568 dedere
281 1530 382 1568 sonum
396 1511 474 1568 tenui
488 1511 656 1587 crepitantia
668 1523 768 1569 rostro.

130 1589 172 1648 Ut
185 1588 251 1646 verb
265 1589 360 1665 tetigit
372 1599 483 1647 mutum
497 1601 527 1648 et
540 1589 600 1648 sine
614 1590 750 1665 sanguine
764 1609 876 1666 corpus,

89 1667 220 1726 Dilectos
234 1678 311 1726 artus
324 1668 456 1744 amplexa
468 1669 629 1726 recentibus
643 1669 703 1738 alis,

89 1746 204 1824 Frigida
216 1747 403 1824 nequicquam
417 1747 487 1804 duro
502 1747 581 1805 dedit
595 1747 693 1805 oscula
705 1758 805 1805 rostro.

91 1824 216 1884 Senserit
228 1826 284 1884 hoc
299 1827 389 1903 Ceyx,
403 1845 440 1884 an
452 1827 562 1884 vultum
576 1826 701 1884 motibus
714 1826 798 1882 undae

91 1904 204 1961 Tollere
218 1904 255 1962 sit
267 1905 352 1974 visus,
365 1906 488 1981 populus
501 1904 670 1962 dubitabat:
690 1914 720 1961 ot
733 1904 781 1961 ille
874 1904 934 1961 740

91 1981 232 2040 Senserat.
268 1983 307 2040 Et
321 1983 446 2050 tandem,
461 1982 575 2059 Superis
588 1983 795 2052 miserantibus,
809 1982 894 2040 ambo

90 2060 169 2117 Alite
183 2071 337 2117 mutantur.
377 2059 454 2117 Fatis
467 2060 608 2118 obnoxius
621 2061 713 2118 isdem
928 2129 931 2135 ι

90 2138 173 2195 Tunc
187 2138 299 2213 quoque
311 2137 415 2195 mansit
428 2156 523 2196 amor:
543 2157 598 2196 nec
611 2140 772 2217 conjugiale
785 2137 910 2196 solutum

89 2215 193 2274 Foedus
206 2215 235 2272 in
248 2215 372 2273 alitibus.
413 2217 535 2287 Coe'unt,
548 2216 676 2293 fiuntque
690 2227 839 2295 parentas:

89 2295 199 2371 Perque
209 2293 269 2351 dies
278 2294 413 2370 placidos,
425 2293 544 2354 hiberno
557 2306 694 2373 tempore,
706 2309 816 2374 septem

89 2373 213 2432 Incubat
226 2373 378 2451 Halcyone
389 2370 580 2451 pendentibus
592 2395 705 2452 aequore
718 2377 801 2435 nidis.

90 2453 165 2512 Tum
178 2453 224 2511 via
237 2463 300 2511 tuta
312 2453 396 2511 maris
404 2457 431 2511 ²:
450 2464 551 2513 ventos
564 2455 697 2525 custodit,
711 2465 741 2513 et
753 2460 833 2514 arcet

88 2531 191 2591 AEolus
204 2550 327 2609 egressu,
341 2543 512 2610 praestatque
524 2533 676 2610 nepotibus
688 2537 813 2610 aequ0r³.
874 2533 935 2605 74⁸.

119 2695 127 2725 ¹
137 2697 275 2744 Macrobilis
285 2698 332 2742 oles
342 2699 467 2757 stringebat
473 2712 573 2744 summos
581 2701 661 2746 andos.
670 2713 685 2744 a
692 2694 816 2746 mournful
828 2693 882 2743 bird
892 2695 935 2742 abe

76 2757 204 2806 :kimmed
207 2757 284 2821 along
289 2759 330 2806 tba
339 2758 433 2806 suriam
441 2759 471 2806 of
477 2760 608 2807 tbewam
624 2758 634 2788 ¹
647 2762 688 2808 Vra
696 2767 774 2811 mro.
783 2758 890 2818 theory,
901 2773 936 2815 or,

47 2818 943 2954 tramaricus-ru-
