1912 3082
29 74 42 191 l
310 110 381 159 nm.
402 111 451 158 rv.
471 110 552 158 rna.
572 109 648 158 xrv.
859 105 898 162 85

124 343 181 382 nus
202 343 247 393 ue,

55 402 89 460 t'e
99 343 202 471 color:l
205 414 235 460 et
248 402 344 472 facies,
358 414 398 472 et,
412 403 480 459 dum
494 403 602 479 loquor,
616 402 733 459 omnia?
754 422 803 459 cur
817 422 873 459 non

59 480 101 539 ile
113 482 239 558 qudque,
255 481 394 539 Coelestes
404 483 422 550 ¹,
435 482 465 538 in
479 483 599 540 eandem
612 481 720 538 vertitis
733 482 877 556 anguem?

82 560 215 618 Dixerat.
256 560 310 617 Ille
324 580 382 617 suae
396 561 542 618 lambebat
557 560 687 636 conjugis
701 578 767 627 ora;

54 640 138 714 Inque
152 639 232 697 sinus
246 657 336 707 caros,
350 639 438 696 veluti
453 650 646 714 cognosceret,
660 639 737 704 ibat3

52 716 88 775 Ah
99 718 190 775 dabat
204 717 353 793 amplexus
365 741 373 785 ;
392 728 560 794 assuetaque
575 719 648 774 colla
661 719 786 794 petebat.

54 795 184 872 'tuisquis
197 797 279 853 adest
294 796 422 872 (aderant
435 797 565 871 comites)
579 807 715 853 terretur:
735 808 765 853 at
779 796 827 853 illa

54 875 175 933 'arbrica
187 875 347 950 permulcet
360 874 468 931 cristati
481 875 555 932 colla
569 875 697 931 draconis
707 879 727 943 ²,

65 952 88 1010 lt
100 953 200 1011 subito
214 953 272 1010 duo
286 962 372 1020 sunt;
390 957 546 1030 junctoque
560 954 722 1010 volumine³
736 965 870 1030 serpunt;

51 1031 153 1088 .)onec
166 1031 197 1087 in
211 1031 353 1107 appositi⁴
367 1032 488 1088 nemoris
502 1032 614 1089 subiere
628 1032 761 1089 latebras.
843 1035 900 1089 600

55 1109 136 1167 'lunc
149 1110 264 1186 quoique
277 1129 332 1166 nec
344 1110 459 1185 fugiunt
472 1111 624 1180 hominem,
646 1130 700 1167 nec
720 1111 835 1168 vulnere
854 1112 897 1168 lae·

128 1188 220 1245 dunt:

61 1266 184 1343 luidque
198 1267 275 1343 priris
287 1266 401 1338 fuerint,
415 1268 519 1344 placidi
533 1269 686 1327 meminere
701 1268 863 1325 dracones⁵.

10 220 37 441 1
55 244 166 313 Cadme,
181 244 340 320 quidhoc?
361 246 410 303 ubi
423 247 499 322 pes?
519 246 568 303 ubi
583 256 649 303 sunt
661 244 825 322 humerique
840 264 899 302 ma·

72 1440 220 1518 Serpentes
232 1461 247 1499 e
259 1445 395 1518 sanquine
407 1443 687 1521 Meduooepromeati.
728 1463 800 1501 rna.
816 1461 879 1500 x1v.

57 1581 115 1641 3112
128 1593 228 1641 tamen
241 1587 382 1644 ambobus
394 1606 481 1643 versoe
496 1586 595 1643 solatia
608 1587 705 1643 formae

59 1662 164 1739 llagna
175 1668 286 1739 nepos⁶
298 1664 398 1733 fuerat,
413 1684 497 1740 quem
511 1665 653 1722 debellata
667 1666 779 1722 colebat

60 1741 144 1810 hdie,
158 1760 243 1817 quem
256 1743 355 1818 positis
369 1743 532 1800 celebrabat
546 1743 656 1800 Achaia
669 1743 781 1818 templis
790 1745 809 1797 ⁷.

61 1819 139 1879 iolus
153 1821 340 1890 Abantiades,
355 1823 392 1878 ab
406 1820 533 1896 origine⁸
547 1833 640 1879 cretus
654 1822 762 1890 eadem,

83 1995 91 2026 ¹
103 1999 214 2051 Calentes,
225 1997 328 2044 celestini
339 2013 436 2056 powers.
478 1996 488 2025 ¹
500 1996 567 2044 Ordo
578 2005 612 2043 est
619 2013 627 2053 ;
638 1999 684 2043 lllo
698 1998 724 2059 (i.
732 2009 751 2040 e.
764 1991 900 2052 Hermione)

62 2062 177 2107 mulcet
197 2063 287 2108 lubrico
309 2063 366 2107 eolla
388 2062 478 2108 cristati
499 2064 611 2106 draconis.
652 2057 760 2106 'Junoto
781 2058 900 2110 volumine,

64 2123 173 2168 ntwined
194 2122 271 2169 round
293 2124 349 2169 each
366 2124 440 2170 other.
487 2122 625 2182 1Λρροιὶιί,
649 2121 707 2165 hard
727 2121 765 2178 by,
788 2119 901 2178 adjacent,

63 2183 237 2246 reighbouring.
279 2186 429 2239 ‘Dracones
447 2185 564 2246 dragons3
585 2187 638 2243 they
661 2185 720 2229 have
741 2183 795 2227 lour
815 2182 869 2233 feet,
888 2196 903 2226 a

54 2247 193 2306 ·ylindrical
215 2247 266 2304 teil,
286 2247 333 2295 and
355 2257 401 2294 two
422 2252 631 2295 membranaceous
649 2246 731 2306 wings,
750 2244 807 2288 nith
825 2245 901 2290 ulrich

55 2311 107 2369 ‘hey
118 2325 164 2356 can
176 2309 209 2370 fly
219 2325 234 2355 a
245 2310 311 2358 little.
338 2309 416 2356 There
427 2327 466 2358 are
474 2310 530 2370 only
539 2320 585 2356 two
595 2309 683 2369 species
690 2308 719 2352 of
729 2308 844 2367 Dragons,
855 2306 902 2373 and

56 2374 108 2419 ooth
118 2388 160 2418 are
170 2373 238 2434 quite
252 2372 372 2419 harmless.
407 2374 457 2419 But
468 2378 569 2432 Serpens,
584 2374 683 2431 Anguis,
701 2370 748 2414 and
759 2372 845 2421 Draco,
863 2384 902 2413 oro

63 2434 118 2480 »hen
129 2436 190 2481 used
201 2437 231 2494 by
243 2436 283 2481 the
294 2436 365 2482 Latin
377 2435 448 2482 Poets
458 2452 483 2481 as
494 2451 653 2495 synonymous
664 2432 832 2491 appellatious:
858 2431 902 2476 See

57 2496 162 2557 ¹lerneus.
195 2497 302 2557 ‘Nepon
315 2501 324 2544 ί
341 2515 361 2544 e.
373 2501 488 2545 Bocchus.
521 2497 529 2523 ⁷
541 2497 608 2542 Ordo
619 2504 667 2551 est;
685 2497 727 2542 Sed
739 2503 814 2540 tamen
826 2509 903 2552 nepos,

54 2574 117 2607 'm
126 2562 239 2607 debellato
250 2563 320 2606 India
331 2562 424 2614 colebat,
437 2577 502 2620 quem
515 2561 607 2605 Aelro'ia
618 2559 744 2604 celebrabat
752 2559 831 2616 prositis
847 2564 903 2600 tem-

49 2623 195 2684 stieffuerat
211 2639 295 2682 magna
307 2626 387 2669 solatur
397 2623 558 2683 omsoeformoe
569 2623 681 2666 ambobus.
714 2620 724 2646 ⁸
736 2621 837 2677 Orim'ne,
853 2620 869 2661 i.
883 2633 902 2662 e.

54 2686 108 2732 iroth
119 2685 253 2732 deseended
270 2685 331 2730 from
347 2684 451 2744 Jo’rplter.
486 2684 533 2729 For
550 2684 630 2736 Belus,
647 2684 686 2728 the
702 2681 778 2726 father
789 2679 817 2723 ol
831 2680 905 2731 Abas,

54 2749 98 2795 md
108 2746 316 2809 grand-sothero?
323 2748 438 2803 Acrisius,
447 2763 494 2795 was
506 2763 520 2796 a
530 2763 576 2796 son
584 2746 612 2797 of
622 2747 732 2810 Jupiter,
742 2743 796 2791 and
804 2742 921 2788 hunum

52 2808 393 2873 mahoeeonofthetgod.

478 2878 513 2941 Η
