1912 3082
80 113 137 173 Μ
335 133 351 173 g
381 109 633 165 METAMORPH.

79 249 203 328 Prodiga
216 250 533 329 divitiasalimentaque
545 253 625 310 mitia
639 252 723 310 tellus

81 330 221 407 Suggerit,
236 341 323 407 atque
337 331 435 407 epulas
449 331 509 389 sine
523 332 601 389 caede
615 343 644 389 et
656 329 793 405 sanguine
807 331 899 406 praebe

80 411 173 469 Carne
185 410 253 477 ferae,
267 410 369 468 sedant
384 411 509 487 Jejunia3
528 429 583 468 nec
597 421 691 467 tamen
705 427 814 465 omnes.

80 488 193 564 Quippe
204 508 302 564 equus,
312 499 343 546 et
352 490 486 565 pecudes,
496 499 679 564 armentaque
690 488 817 564 gramine
827 487 899 545 vivut

80 569 124 626 At
138 567 241 644 quibus
253 567 398 643 ingenium
412 577 456 625 est
466 568 742 643 immansuetumque
755 566 899 643 ferumque

80 646 281 721 Armeniaeque
294 646 389 721 tigres,
407 645 590 721 iracundique
604 647 711 713 leones,

82 726 213 799 Cumque
227 725 301 800 lupis
315 725 380 792 ursi,
396 724 517 801 dapibus
531 744 597 781 curn
612 724 749 799 sanguine
763 723 899 798 gaudent.

82 802 169 862 Heul
192 814 331 878 quantum
345 803 438 859 scelus
452 814 504 872 est,
519 803 548 858 in
561 803 669 859 viscera
681 803 788 859 viscera
800 802 894 871 condi,

82 882 283 956 Congestoque
295 880 408 937 avidum
422 881 608 957 pinguescere
620 900 737 956 corpore
750 899 862 956 corpus,

82 959 267 1037 Alteriusque
279 960 452 1017 animantem
467 961 617 1017 animantis
631 960 724 1016 vivere
736 959 812 1018 leto!
895 966 899 1012 t

83 1038 201 1096 Scilicet
213 1039 243 1094 in
257 1038 344 1095 tantis
358 1039 469 1114 opibus,
484 1058 554 1130 quas
568 1039 676 1115 optima
689 1049 812 1094 matrum

83 1117 172 1175 -Terra
185 1116 268 1193 parit,
279 1117 319 1173 nil
333 1126 362 1175 te
374 1117 428 1174 nisi
442 1118 532 1175 tristia
543 1117 678 1175 mandere
692 1136 765 1174 saevo

83 1196 209 1253 Vulnera
223 1195 332 1252 dente'
321 1206 410 1271 Juvat,
424 1196 551 1272 ritusque
565 1196 667 1252 referre
682 1195 864 1286 Cyclopum?

71 1273 199 1343 :Nec,
170 1293 223 1330 msr
216 1273 393 1364 'perdideris
406 1274 502 1369 alium,
517 1274 630 1350 placare
643 1274 752 1331 voracis

84 1353 124 1410 Et
137 1351 212 1409 male
226 1351 328 1409 morati
341 1353 470 1427 poteris'
459 1353 568 1428 jejunia
579 1353 706 1411 ventris?

85 1432 128 1488 At
140 1440 222 1488 vetus
236 1430 285 1487 illa
297 1440 375 1498 aetas,
389 1431 437 1487 cui
453 1431 573 1489 fecimus
587 1432 686 1488 Aurea
698 1450 813 1500 nomen,

85 1509 213 1567 Foetibus
226 1509 360 1578 arboreis,
373 1518 411 1579 et,
425 1528 496 1585 quas
508 1510 611 1567 humus
626 1510 739 1580 educat,
753 1510 858 1580 herbis,

85 1588 242 1646 Fortunata
253 1586 324 1658 fuit,
332 1606 386 1646 nec
400 1588 502 1664 polluit
516 1607 565 1647 ora
579 1607 687 1646 cruore.

125 1667 209 1725 Tunc
220 1678 250 1725 et
260 1687 327 1726 aves
341 1677 418 1726 tutas
432 1669 545 1726 movere
559 1688 609 1744 per
622 1673 689 1726 aera
702 1687 819 1743 pennas,

86 1747 126 1804 Et
139 1741 221 1830 lepus
234 1746 393 1822 impavidus
404 1748 506 1806 mediis
517 1748 619 1805 erravit
630 1748 658 1804 in
672 1747 755 1822 agris,
883 1748 896 1803 l

88 1810 164 1884 Nec
166 1844 217 1883 sua
231 1827 426 1885 credulitas'
397 1846 506 1904 precem
520 1827 705 1918 suspenderat
716 1826 811 1882 hamo.

88 1905 235 1963 Cuncta
213 1925 274 1979 sme
287 1905 404 1996 insidiis,
417 1906 581 1983 nullamque
596 1905 725 1963 timentia
737 1904 876 1972 fraudem,

87 1983 233 2060 Plenaque
246 1984 325 2059 pacis
339 1995 429 2043 erant.
470 1984 626 2061 Postquam
639 2003 697 2041 non
710 1983 788 2040 utilis
801 1993 899 2040 auctor

72 2121 74 2125 ,
87 2061 221 2119 Victibus
234 2062 343 2130 invidit,
358 2062 484 2139 quisquis
494 2062 550 2119 fuit
563 2063 659 2131 ille,
633 2082 765 2129 virorum,

89 2141 302 2215 Corporeasque
316 2140 404 2217 dapes
419 2140 530 2198 avidam
543 2140 697 2198 demersit
689 2161 718 2197 ιιι
728 2141 840 2205 alvum;

89 2216 192 2286 Fecit
184 2228 238 2276 iter
250 2217 359 2275 sceleri.
400 2218 550 2294 Primaque
562 2238 578 2276 e
593 2220 671 2278 caede
684 2220 806 2278 ferarum

88 2295 244 2355 Incaluisse
255 2306 355 2373 putem
366 2296 541 2356 maculatum
555 2299 692 2373 sanguine
706 2298 820 2357 ferrum.

89 2375 181 2452 quue
194 2376 264 2433 satrs
275 2374 385 2434 fuerat:
405 2387 590 2454 nostrumque
602 2378 729 2453 petentia
741 2377 832 2435 letum

90 2455 218 2530 Corpora
230 2455 323 2515 missa
326 2456 398 2526 neci,
413 2455 491 2515 salva
503 2456 618 2531 pietate,
633 2457 773 2523 fatemur3

92 2533 158 2603 Sed,
170 2554 255 2610 quam
266 2535 360 2593 danda
373 2535 446 2605 neci,
457 2546 516 2595 tam
525 2555 583 2592 non
594 2535 736 2625 epulanda
744 2534 871 2592 fuerunt.
888 2535 899 2591 l

131 2611 260 2688 Longius
274 2614 340 2672 inde
354 2615 434 2675 nefas
446 2615 534 2683 abiit3
555 2624 584 2673 et
597 2614 687 2703 prima
701 2623 819 2689 putatur

91 2691 198 2750 Hostia
210 2710 258 2750 sus
272 2692 408 2751 meruisse
421 2694 501 2762 mori,
514 2693 580 2771 quia
593 2692 701 2750 semina
714 2691 810 2782 pando

81 2760 203 2829 Eruerr‘t
196 2781 317 2850 rostro,
333 2789 471 2873 spemque
485 2770 665 2848 interceperit
678 2771 753 2828 anni.

45 2844 142 2914 ;;γι’το
154 2869 250 2932 caper
257 2873 360 2917 morsa
347 2852 492 2930 Bacchi
504 2850 693 2937 mactandus
688 2849 729 2907 ab
738 2863 810 2904 aras
