1912 3082
307 126 381 176 Lis.
400 128 451 177 xl.
470 129 550 177 ΕΑΒ.
570 130 608 177 X·
835 128 887 184 lSl

41 262 114 322 Vera
128 260 194 320 mei.
235 261 301 319 Non
315 262 362 320 ille
375 263 499 339 quidem,
513 263 536 320 si
551 264 659 341 quatis,
673 265 799 324 habebat

12 388 15 393 .
41 344 181 401 desuetos
190 341 303 398 vultus:
323 361 385 410 nec,
400 361 456 418 quo
470 343 556 418 prids,
568 363 617 401 ore
630 344 748 402 nitebat.
829 347 888 404 690

40 421 208 488 Pallentem,
222 420 395 495 nudumque,
410 432 440 478 et
453 422 547 478 adhuc
560 423 697 480 humente
710 423 814 500 capillo

44 500 142 557 infelix
156 499 232 556 vidit
253 499 333 556 stetit
346 499 402 556 hoc
415 499 581 558 miserabilis
595 501 657 577 ipso

42 579 118 636 {acce
131 577 214 644 loco;
231 587 261 635 et
274 577 381 654 quaerit,
395 577 514 654 vestigia
528 579 551 636 si
565 598 621 657 qua
635 578 784 656 supersint.

10 730 12 737 Ι
43 658 107 715 {doc
121 668 191 724 erat,
205 657 261 713 hoc
274 656 368 713 animo
383 657 459 732 quod
473 658 617 717 divinante
630 658 785 727 timebam

13 756 16 761 ·
51 736 86 805 lt,
100 753 148 804 ne,
162 754 209 792 me
222 734 342 810 fugiens,
356 746 456 793 ventos
470 755 626 812 sequerere,
640 739 786 814 rogabam.

43 816 81 873 ,lt
95 813 175 872 certe
188 813 299 881 vellem,
314 815 446 889 quoniam
459 817 601 891 periturus
614 817 722 885 abibas,

52 893 91 950 de
105 892 219 968 qudque
233 892 371 950 duxisses.
411 893 520 950 Tecum
533 895 588 952 fuit
601 895 670 952 utile
682 900 698 964 ¹,
712 906 808 952 tecum

12 1012 16 1055 ἰ
54 990 84 1030 re
97 970 178 1028 mibi
219 971 321 1046 Neque
334 970 410 1029 enim
423 971 460 1028 de
472 973 537 1029 vitae
550 982 678 1049 tempore
692 975 845 1050 quidquam

11 1074 14 1083 ·
46 1050 106 1108 :lon
120 1048 204 1107 simul
218 1049 348 1125 egissem,
361 1068 416 1107 neo
429 1068 504 1107 mors
518 1051 640 1108 discreta
651 1050 760 1108 fuisset.

10 1094 13 1197 l
45 1127 125 1187 dunc
136 1129 239 1186 absens
249 1147 343 1203 pereo,
356 1131 449 1204 jactor
457 1148 533 1186 nunc
543 1129 677 1186 fluctibus
686 1131 807 1198 absens;
827 1133 886 1186 700

10 1202 17 1259 l
44 1206 86 1277 it,
101 1207 163 1266 sine
177 1226 232 1276 me,
246 1226 294 1264 me
306 1218 411 1283 pontus
425 1208 521 1264 habet.
562 1208 710 1266 Crudelior
722 1209 784 1284 ipso

10 1282 22 1359 '2
44 1286 84 1345 o'it
96 1286 168 1343 milri
182 1304 263 1344 mens
275 1286 388 1362 pelago,
403 1286 426 1342 si
439 1286 526 1342 vitam
540 1286 664 1345 ducere2
675 1287 751 1345 nitar

53 1365 179 1442 mugitis,
194 1376 224 1422 et
237 1375 318 1421 tanto
331 1383 456 1440 pugnem
470 1384 617 1442 superesse
630 1365 729 1424 dolori.

43 1444 97 1502 -lad
110 1463 205 1519 neque
218 1445 353 1520 pugnabo
365 1467 373 1510 ;
390 1463 444 1501 nec
457 1454 496 1512 te,
509 1445 676 1514 miserande,
689 1445 843 1520 relinquam
854 1468 862 1512 3

43 1520 78 1580 lit
90 1523 146 1582 tibi
159 1542 237 1579 nunc
250 1522 350 1580 saltem
364 1523 474 1579 veniam
489 1541 601 1590 comes;
621 1524 706 1599 inque
719 1523 876 1601 sepulchro,

41 1600 70 1659 'Si
82 1621 142 1659 non
157 1619 236 1670 urna,
250 1612 346 1658 tamen
358 1605 460 1679 Junget
472 1620 524 1658 nos
538 1601 654 1659 litera⁸z
674 1602 698 1658 si
712 1620 770 1658 non

42 1678 162 1739 Ossibus
176 1699 240 1737 ossa
252 1679 332 1747 meis,
347 1691 377 1737 at
390 1697 494 1735 nomen
508 1679 622 1736 nomine
636 1689 760 1754 tangam.

42 1758 126 1817 Plura
140 1758 222 1815 dolor
233 1758 382 1834 prohibet;
401 1759 545 1833 verboque
557 1757 707 1814 intervenit
720 1755 797 1813 omni

41 1837 173 1913 Plangor,
187 1847 217 1895 et
229 1837 351 1895 attonito
365 1837 488 1913 gemitus
501 1854 518 1892 e
532 1835 618 1893 corde
630 1835 788 1891 trahuntur.

41 1914 130 1975 Mane
141 1926 221 1974 erat:
241 1916 384 1992 egreditur
394 1914 478 1973 tectis
491 1913 528 1972 ad
541 1914 617 1981 litus,
631 1923 661 1971 et
674 1913 753 1969 illum
827 1915 886 1971 710

41 1994 150 2053 Moesta
162 1995 258 2052 locum
271 1995 382 2070 repetit,
397 1994 504 2070 dequo
518 1993 658 2070 spectarat
672 2002 796 2050 euntem.

41 2074 186 2151 Dumque,
201 2073 333 2131 Moratus
343 2073 391 2141 ibi,
406 2073 538 2149 dumque,
553 2072 612 2128 Hic
624 2071 780 2129 retinacula
793 2071 884 2141 solvit,

10 2208 12 2227 ζ
44 2152 109 2211 Ηοο
121 2153 191 2209 mihi
204 2151 353 2210 discedens
367 2151 445 2208 dedit
459 2151 556 2209 oscula
569 2150 658 2219 litore,
673 2150 759 2218 dicit;

10 2260 14 2299 5
44 2231 177 2308 Dumque
190 2240 289 2288 notata
302 2229 590 2288 oculisreminiscitur
603 2241 675 2298 acta,
685 2229 845 2305 fretumque

10 2322 13 2331 '
43 2309 190 2386 Prospicit,
205 2310 234 2366 in
248 2309 363 2384 liquida,
377 2309 468 2384 spatio
481 2309 613 2376 distante,
626 2318 723 2367 tuetur

10 2424 13 2431 ·
42 2386 146 2446 Nescio
160 2388 238 2465 quid,
252 2388 332 2464 quasi
342 2405 452 2463 corpus,
463 2388 554 2464 aquiu
566 2386 720 2462 primoque,
734 2385 802 2459 quid
814 2385 885 2443 illud

41 2464 135 2539 Esset,
149 2477 210 2525 erat
224 2467 352 2524 dubium.
392 2466 546 2543 Postquam
559 2464 655 2541 paullo
669 2463 778 2539 appulit
791 2465 885 2533 unda3

40 2542 88 2615 Et,
103 2546 231 2623 quamvis
244 2548 353 2616 aberat,
367 2564 469 2622 corpus
482 2554 578 2602 tamen
591 2561 653 2600 esse
666 2541 792 2617 liquebat
800 2545 821 2610 ⁵,

20 2622 24 2629 ¹
39 2623 98 2689 Qui
109 2624 195 2696 foret,
208 2625 350 2703 ignorans,
364 2624 430 2702 quia
442 2622 602 2699 naufragus,
615 2621 709 2678 omine
722 2632 801 2678 mota
814 2630 874 2677 est:

10 2806 12 2811 .
69 2764 79 2796 ¹
90 2768 150 2817 Μ
158 2770 222 2821 stile,
231 2767 252 2813 it
259 2765 389 2814 sanatur
395 2783 406 2825 ,·
416 2765 436 2814 it
443 2764 525 2815 would
535 2765 667 2815 harebeen
673 2767 765 2815 assus.
775 2761 788 2790 ἱ
797 2763 909 2810 Drusus

11 2828 15 2835 “
36 2831 174 2888 nprqlong.
198 2829 305 2885 'hales-a,
317 2831 357 2876 tbe
366 2829 451 2891 letter3
464 2833 507 2881 the
518 2833 632 2898 epitaph.
652 2831 663 2864 ⁸
677 2821 942 2897 appellabamus&

18 2885 114 2931 lenem
149 2889 291 2950 'ls'quebah
304 2891 326 2940 it
337 2908 389 2942 was
400 2896 530 2949 manifest.
