1912 3082
79 121 135 177 128
379 124 631 172 METAMORPH.

76 261 185 317 Evocat
200 260 359 317 Auroram:
379 279 434 318 nec
447 279 517 317 voce
531 258 644 317 silentia
653 268 792 334 ¹rumpunt

76 337 230 396 Sollicitive
245 357 339 408 canes,
353 338 506 397 canibusve
519 337 645 414 sagacior
656 355 747 395 anser.

75 416 142 473 Non
155 417 223 486 fera,
236 436 294 473 non
307 417 441 494 pecudes,
456 437 514 474 non
528 416 598 475 moti
611 415 726 473 flamine
738 414 818 483 rami,
864 416 925 472 600

75 495 253 553 Humanaeve
267 515 367 553 sonum
381 496 504 553 reddunt
516 495 645 552 convicia
657 494 771 570 linguae.

74 574 161 632 Muta
174 575 253 651 quies
266 575 385 632 habitat.
427 574 503 631 Saxo
517 585 613 631 tamen
625 573 686 631 exit
698 575 736 630 ab
750 573 808 629 imo

75 652 165 709 Rivus
179 672 260 728 aquae
273 653 397 718 Lethes;
416 671 467 728 per
481 671 566 727 quem
581 671 646 709 cum
660 671 804 710 murmure
816 650 915 711 labens

73 731 180 788 Invitat
194 750 307 788 somnos
321 731 526 806 crepitantibus
538 731 615 788 unda
628 730 740 806 lapillis.

74 811 153 866 Ante
166 810 240 866 fores
253 809 327 866 antri
338 810 472 866 foecunda
484 829 626 885 papavera
637 810 748 877 florent,

73 888 288 964 Innumeraeque
301 888 405 956 herbae,
420 907 538 964 quarum
552 889 589 945 de
600 888 694 945 lacte¹
708 907 840 964 soporem

74 966 140 1023 Nox
152 967 230 1042 legit,
245 977 274 1025 et
288 967 395 1043 spargit
406 987 457 1044 per
470 986 575 1043 opacas
587 967 705 1024 humida
719 977 815 1024 terras.

71 1045 174 1113 Janua,
189 1065 252 1121 quae
265 1065 346 1103 verso
361 1048 510 1104 stridorem
520 1046 635 1104 cardine
644 1047 754 1114 reddat,

73 1123 160 1181 Nulla
173 1125 259 1182 domo
273 1126 351 1192 tota;
371 1136 467 1183 custos
481 1125 511 1181 in
524 1125 621 1182 limine
635 1125 739 1181 nullus.

73 1198 115 1260 At
128 1203 222 1259 medio
236 1214 315 1260 torus
327 1214 379 1272 est,
394 1205 506 1261 hebeno
520 1204 648 1261 sublimis
662 1203 691 1260 in
703 1203 772 1272 atrei,
863 1204 922 1260 010

73 1281 215 1348 Plumeus‚
228 1281 364 1349 unicolor,
378 1282 457 1356 pullo
469 1282 609 1339 velamine
623 1293 734 1348 tectus;

71 1361 137 1423 Quo
152 1360 239 1415 cubat
253 1359 314 1434 ipse
328 1359 418 1427 Deus,
430 1360 564 1416 membris
577 1358 714 1434 languore
728 1360 837 1416 solutis.

72 1437 159 1492 Hunc
174 1435 249 1494 circa
262 1436 375 1512 passim,
389 1437 478 1493 varias
489 1436 630 1493 imitantia
642 1438 747 1493 formas

73 1515 188 1572 Somnia
199 1534 272 1572 vana
283 1519 380 1591 jacent
392 1515 520 1582 totidem,
535 1525 605 1590 quot
616 1515 715 1572 messis
726 1515 835 1583 aristas,

73 1594 149 1652 Silva
162 1594 235 1670 gerit
248 1594 370 1664 frondes,
386 1599 491 1672 ejectas
501 1593 569 1651 litus
582 1613 690 1652 arenas.

112 1676 176 1737 Quo
188 1673 272 1730 simul
285 1673 406 1743 intravit,
420 1673 607 1750 manibusque
617 1671 761 1730 obstantia
773 1671 852 1748 virgo

73 1752 190 1810 Somnia
203 1753 338 1821 ‹limovit3
357 1753 568 1829 vestis'fulgore
578 1752 683 1810 reluxit

73 1831 160 1888 Sacra
174 1832 292 1889 domus:
313 1833 449 1908 tardaque
461 1833 542 1890 Deus
555 1832 694 1907 gravitate
706 1833 834 1907 jacentes

71 1909 129 1966 Vix
144 1910 242 1968 oculos
254 1911 366 1979 tollens,
380 1911 540 1987 iterumque
551 1911 710 1986 iterumque
723 1909 861 1977 relabens,

73 1988 246 2064 Summaque
259 1990 421 2065 percutiens
435 1989 546 2047 nutanti
560 1999 678 2064 pectora
690 1999 796 2057 mento,
862 1990 921 2044 620

72 2066 207 2123 Excussit
221 2068 336 2127 tandem
347 2068 400 2125 sibi
413 2087 461 2124 se:
482 2067 636 2142 cubitoque
649 2067 768 2134 levatae,

71 2145 148 2208 Quid
161 2145 264 2212 veniat,
279 2148 417 2219 cognorat
431 2144 515 2212 enirn,
530 2145 655 2201 scitatur.
697 2146 740 2201 At
752 2145 817 2202 illa:

72 2224 186 2290 Somne,
202 2223 280 2298 quies
294 2242 396 2291 rerum,
408 2222 606 2299 placidissime,
623 2224 737 2291 Somne,
752 2225 890 2294 Deorum,

72 2303 132 2359 Pax
146 2300 241 2369 animi,
256 2320 341 2377 quem
353 2320 422 2359 cura
433 2301 517 2377 fugit,
532 2301 580 2377 qui
594 2302 681 2359 corda
695 2303 801 2361 diurnis

71 2381 156 2437 Fessa
168 2380 328 2438 ministeriis
340 2380 457 2449 mulces,
470 2399 639 2456 reparasque
651 2381 740 2438 labori
750 2404 757 2446 ;

72 2459 195 2527 Somnia,
208 2479 271 2535 quae
280 2479 361 2518 veras
373 2461 486 2536 aequent
499 2459 675 2526 imitamine,²
686 2459 800 2528 formas,

71 2539 218 2596 Herculea
232 2538 373 2596 Trachine
384 2542 462 2615 jube,
478 2541 531 2596 sub
545 2537 668 2613 imagine
679 2539 762 2614 regis,

70 2619 243 2692 Halcyonen
257 2618 370 2686 adeant,
385 2618 590 2694 simulacraque
604 2616 740 2693 naufraga
752 2617 871 2694 fingant.

86 2771 97 2797 ¹
101 2775 187 2828 lacte,
200 2774 282 2831 milk5
299 2773 460 2840 millryjuice,
473 2777 488 2824 i.
501 2793 520 2823 c.
530 2773 608 2837 juiees
615 2773 761 2834 resembling
770 2773 839 2820 milk.
865 2774 920 2822 'Ar-

30 2840 112 2879 quent
124 2836 274 2900 memmiae,
291 2855 353 2902 may
369 2841 444 2904 eqnal
461 2843 492 2905 by
505 2839 647 2896 imitation,
661 2838 791 2898 naubare
803 2836 846 2880 mo
861 2846 930 2880 annox

14 2891 200 2953 '‘Sembsfflm’,
214 2917 253 2960 or,
265 2920 436 2966 appearance.

104 3018 263 3058 A
326 3050 328 3055 .
