1912 3082
75 137 112 194 ⁹6
377 143 641 193 mutationum
728 147 729 150 ’

116 280 204 336 Hunc
216 274 265 336 ubl
277 278 408 337 laudatos
420 279 575 357 jactantem
587 281 616 337 in
630 278 768 354 sangnine
781 278 878 338 vultus

76 358 211 434 Assyrius
224 358 294 415 vidit
309 359 448 435 Lycabas
458 359 651 436 junctissimus
662 358 702 414 illi
887 362 906 416 6

76 436 116 493 Et
130 456 234 505 comes,
249 449 279 494 et
292 439 350 494 veri
364 458 420 494 non
434 439 624 494 dissimulator
637 436 756 503 amoris;

75 515 231 591 Postquam
245 516 425 584 exhalantem
440 519 493 573 sub
507 519 610 573 acerbo
624 516 740 571 vulnere
754 515 844 572 vitam

75 593 244 670 Deploravit
256 595 363 660 Athin;
384 613 454 669 quos
466 594 513 652 ille
528 595 696 662 tetenderat,
712 613 795 650 arcus
848 637 851 641 f

76 673 193 748 Arripit,
207 683 244 740 et,
259 691 371 729 mecum
384 673 435 729 tibi
450 673 506 729 sint
520 672 682 740 certamina,
696 673 786 729 dixit:

76 750 139 808 Nec
152 751 268 826 longum
279 750 359 826 pueri
372 751 431 808 fato
446 751 595 809 laetabere!
614 770 670 827 quo
684 752 748 826 plus

74 828 199 897 Invidiae,
215 829 298 904 quarn
312 829 411 898 laudis,
426 831 524 886 habes.
564 830 637 885 Haec
652 829 746 885 omnia
759 829 887 888 nondum

75 907 213 965 Dixerat:
234 907 350 964 emicuit
364 927 449 964 nervo
463 908 637 983 penetrabile
651 907 757 974 telum;

75 986 268 1062 Vitatumque,
282 997 377 1043 tamen
392 987 505 1044 sinuosa
517 997 596 1043 veste
607 986 752 1062 pependit.

75 1064 169 1122 Vertit
183 1065 212 1120 in
225 1065 302 1122 hunc
315 1065 422 1141 harpen
437 1069 610 1141 spectatam¹
625 1065 702 1122 caede
717 1064 850 1122 Medusae
880 1075 883 1079 ’

75 1144 294 1212 Acrisioniades,
308 1144 452 1220 adigitque
466 1144 495 1199 in
506 1154 617 1219 pectus.
659 1144 701 1199 At
714 1142 761 1198 ille
890 1147 907 1200 7

74 1223 141 1280 Jam
157 1223 288 1291 moriens,
304 1223 393 1279 oculis
406 1225 458 1279 sub
473 1232 558 1279 nocte
571 1222 736 1278 natantibus
751 1223 822 1290 atra,

78 1301 286 1375 Circumspcxit
300 1300 399 1369 Athin,
414 1320 500 1375 seque
514 1300 664 1357 acclinavit
676 1300 706 1355 in
720 1299 818 1367 illum;

76 1377 115 1435 Et
127 1379 192 1457 tulit
203 1379 240 1435 ad
255 1379 358 1435 Manes
369 1383 475 1454 junctae
489 1379 589 1435 solatia
602 1379 699 1435 mortis
708 1383 727 1434 ².

116 1456 211 1514 Ecce!
237 1457 375 1532 Syenites,
390 1457 502 1532 genitus
515 1457 673 1524 Metlrione,
689 1458 826 1526 Phorbas,

76 1535 116 1593 Et
130 1536 219 1611 Libys
235 1536 454 1611 Amphimedon,
469 1536 543 1593 avidi
557 1536 733 1593 committere
747 1555 883 1612 pugnam,
895 1550 907 1579 -“

76 1614 228 1690 Sanguine,
244 1634 299 1691 quo
314 1615 398 1672 tellus
410 1615 467 1672 late
481 1615 640 1672 madefacta
653 1616 779 1690 tepebat,

78 1693 268 1750 Conciderant
280 1694 367 1769 lapsi:
389 1694 568 1770 surgentibus
582 1694 693 1750 obstitit
705 1693 788 1762 ensis,

77 1771 224 1829 Alterius³
239 1772 333 1840 costis,
346 1773 446 1850 jugulo
459 1773 628 1830 Phorbantis
640 1772 767 1829 adactus.

77 1851 120 1907 At
133 1869 190 1906 non
206 1851 363 1908 Actoriden
378 1852 505 1920 Erithon,
521 1852 566 1908 cui
581 1852 639 1908 lata
653 1851 783 1926 bipennis

78 1928 180 1985 Telum
195 1940 263 1997 erat,
277 1930 391 1986 hamato
405 1931 524 1988 Perseus
537 1931 609 2006 petit
623 1949 699 1986 ense.
731 1930 788 1986 Sed
802 1928 867 1987 altis
884 1931 907 1989 8

77 2006 246 2063 Exstantem
260 2007 346 2082 signis
354 2012 375 2075 ⁴,
388 2009 540 2084 multaeque
554 2009 583 2064 in
596 2009 721 2085 pondere
733 2027 841 2078 massae,

76 2084 226 2159 Ingentem
240 2085 371 2142 manibus
385 2086 460 2142 tollit
474 2098 582 2143 cratera
595 2088 715 2155 duabus,

76 2161 239 2236 Infligitque
252 2163 328 2230 viro;
345 2164 460 2221 rutilum
472 2165 560 2222 vomit
574 2166 641 2223 ille⁵
654 2184 792 2233 cruorem,

77 2238 116 2296 Et
129 2241 276 2315 resupinus
290 2242 408 2297 humum
422 2243 591 2300 moribundo
604 2243 709 2300 vertice
721 2243 825 2319 pulsat.

77 2318 148 2374 lnde
164 2318 328 2376 Semiramio
343 2321 543 2395 Polydaemona
555 2323 691 2397 sanguine
703 2333 821 2391 cretum,
892 2362 900 2369 -

78 2396 303 2473 Caucasiumque
317 2400 434 2468 Abarin,
452 2400 729 2476 Sperchionidenque
743 2401 896 2477 Lycetum,

75 2475 280 2552 Intonsumque
294 2497 389 2535 comas
400 2479 518 2556 Elycen,
530 2480 741 2556 Phlegiamque,
754 2480 907 2558 Clytumqu

109 2631 116 2661 ¹
129 2635 265 2695 spectatam,
275 2633 349 2690 triedr
358 2636 452 2694 proved.
478 2636 671 2700 'Solatiojunctae
680 2640 762 2691 mortis
771 2637 811 2684 the
818 2632 907 2685 consoli

75 2694 125 2741 tion
137 2695 166 2741 of
174 2695 234 2742 their
242 2696 326 2743 united
336 2698 417 2754 death3
429 2701 470 2746 the
477 2700 658 2747 consolationes
663 2700 723 2745 their
730 2700 801 2762 being
809 2699 907 2761 joinedl

63 2757 144 2803 death.
180 2757 193 2788 ⁸
199 2761 316 2819 Alterius,
326 2763 342 2809 ἰ.
354 2776 373 2808 e·
388 2764 589 2823 Amphimedontis·
620 2761 774 2810 ‘Erotontem
783 2766 837 2810 altis
845 2764 907 2825 sigar·

49 2820 186 2871 embossed
196 2823 256 2873 with
268 2825 425 2891 dignaris&
435 2825 532 2891 figures.
565 2826 575 2855 ⁸
589 2827 631 2873 Ille
642 2824 765 2889 §brithon
771 2828 848 2871 nonu.

352 3014 474 3046 A..
