1912 3082
64 154 102 209 56
364 158 616 207 METAMORPH·

65 294 196 352 Reddere
210 294 248 352 de
261 294 357 353 multis
371 305 404 352 ut
417 297 504 354 verba
518 294 669 353 novissima
681 302 787 370 posset.
862 294 921 351 361

64 373 181 430 Fecerat
194 373 250 431 boc
264 373 359 442 Juno;
379 375 453 450 quia,
468 375 535 432 edm
549 373 723 451 deprendere
733 382 831 450 posset

64 450 125 509 Sub
137 453 157 510 J
158 471 211 510 ove
225 472 299 529 saepe
313 472 364 511 suo
379 454 528 530 Nymphas
541 454 572 510 in
585 463 684 511 monte
695 457 833 531 jacentes,

62 529 117 588 Illa
129 531 224 588 Deam
237 532 323 608 longo
337 532 462 609 prudens
475 551 605 590 sermone
619 534 746 601 tenebat,

62 608 143 666 Dum
156 610 287 687 fugerent
302 611 451 687 Nymphae.
488 611 644 688 Postquam
660 608 792 669 Saturnia
805 608 915 680 sensite

63 689 168 766 Hujus,
182 690 230 758 ait,
245 690 356 764 linguae,
372 690 428 766 qud
441 708 504 746 sum
518 691 625 759 delusa,
640 698 768 767 potestas

64 768 155 825 Parva
168 768 220 825 tibi
234 768 356 838 dabitur,
370 768 504 845 vocisque
516 769 697 827 brevissimus
710 786 787 826 usus.

64 847 165 923 Reque
178 848 269 904 minas
281 847 394 906 firmat:
415 857 511 906 tamen
525 848 587 905 haec
600 848 629 905 in
642 848 700 905 fine
713 847 848 924 loquendi

62 925 223 1002 Ingeminat
236 945 330 997 voces,
351 927 504 1004 auditaque
517 929 604 985 verba
616 936 751 1003 reportat.

104 1005 180 1082 Ergo
195 1006 245 1064 ubi
258 1004 422 1064 Narcissum
435 1026 487 1084 per
500 1006 582 1065 devia
595 1008 684 1064 lustra
696 1016 849 1080 vagantem

62 1083 151 1154 Vidit,
167 1095 196 1144 et
211 1085 328 1143 incaluit
338 1090 363 1154 ¹3
384 1087 509 1162 sequitur
522 1085 641 1162 vestigia
653 1085 759 1142 furtim.
860 1086 920 1142 371

63 1164 185 1241 Quoque
199 1165 289 1241 magis
303 1166 437 1241 sequitur,
451 1165 565 1224 flammi
578 1165 708 1242 propiore
722 1163 858 1232 calescit3

63 1241 130 1299 Non
144 1243 234 1311 aliter,
250 1243 335 1318 quaim
349 1244 416 1301 crim
431 1245 548 1302 summis
562 1243 720 1302 circumlita
733 1243 816 1301 taedis

62 1322 219 1378 Admotam
232 1322 365 1398 rapiunt²
378 1323 487 1381 vivacia
499 1323 606 1380 sulfura
619 1323 772 1380 flammam.

62 1399 108 1459 0!
131 1400 242 1476 quoties
255 1400 344 1457 voluit
357 1400 470 1460 blandis
483 1402 619 1460 accedere
633 1401 725 1470 dictis,

63 1478 102 1536 Et
116 1479 216 1536 molles
230 1479 365 1538 adhibere
378 1479 496 1557 preces!
518 1481 628 1538 Natura
639 1489 800 1556 repugnst;

62 1557 125 1616 Nec
139 1558 206 1615 sinit
219 1558 344 1635 incipiat.
387 1559 453 1629 Sed,
467 1559 545 1635 quod
558 1559 633 1629 sinit,
647 1559 695 1616 illa
708 1569 809 1636 parata
821 1572 866 1618 est

63 1637 238 1714 Exspectare
253 1657 346 1707 sonos,
361 1639 399 1696 ad
413 1657 484 1716 quos
498 1657 550 1696 sua
562 1640 650 1697 verba
662 1638 798 1696 remittat.

102 1716 186 1775 Forte
200 1737 280 1794 puer,
295 1717 432 1776 comitum
447 1718 582 1776 seductus
595 1719 632 1776 ab
646 1716 760 1793 agmine
773 1717 840 1786 fido,
866 1758 870 1765 -
911 1758 914 1763 -

61 1795 191 1865 Dixerat,
208 1797 313 1874 Ecquis
326 1798 428 1856 adest?
449 1798 497 1868 Et,
508 1797 598 1866 adest,
612 1796 799 1872 responderat
814 1796 903 1854 Echo.

62 1874 120 1932 Hic
134 1885 243 1952 stupet:
264 1887 353 1954 utque
366 1878 457 1936 aciem
470 1887 565 1953 partes
576 1875 670 1934 divisit
680 1875 709 1932 in
723 1894 837 1944 omnem
857 1876 916 1933 881

61 1952 150 2022 Voce,
165 1954 247 2025 Veni,
259 1956 364 2013 clamat
377 1958 497 2032 magna:
517 1966 601 2014 vocat
615 1955 664 2013 illa
676 1963 838 2014 vocantem.

61 2032 207 2109 Respicit;
227 2044 257 2092 et
270 2035 348 2094 nullo
362 2054 458 2093 rursus
470 2035 610 2104 veniente,
625 2033 702 2111 quid,
716 2033 817 2110 inquit,

60 2111 113 2169 Me
126 2111 223 2187 fugis?
242 2122 273 2170 et
286 2112 413 2182 totidem,
429 2124 499 2190 quot
511 2113 592 2182 dixit,
606 2115 694 2172 verba
705 2113 824 2190 recepit.
859 2134 862 2139 ·
913 2154 916 2159 -

62 2191 190 2257 Perstat;
210 2201 248 2260 et,
263 2191 379 2248 alterna³
392 2191 530 2268 deceptus
543 2192 666 2268 imagine
679 2191 767 2260 vocis,

61 2269 130 2326 Huc
144 2272 286 2339 coeamus,
300 2270 357 2337 ait;
376 2270 503 2348 nullique
516 2271 652 2330 libentius
665 2289 792 2348 unquam

61 2348 246 2424 Responsura
259 2367 338 2417 sono,
354 2349 504 2420 Coe'amus,
518 2351 629 2408 rettulit
644 2350 742 2407 Echo:

60 2426 99 2484 Et
113 2427 206 2484 verbis
219 2426 296 2485 favet
310 2427 371 2504 ipsa
384 2428 458 2497 suis3
478 2448 646 2507 egressaque
660 2428 736 2487 silvis

59 2507 134 2574 Ibat,
149 2515 182 2563 ut
196 2505 324 2583 injiceret
337 2519 449 2582 sperato
463 2508 579 2567 brachia
592 2508 676 2566 collo.

59 2585 112 2643 Ille
125 2585 216 2661 fugit;
236 2585 412 2662 fugiensque,
427 2604 527 2645 manus
541 2587 739 2664 complexibus
752 2585 841 2656 aufer,

60 2664 148 2734 Ante,
162 2664 210 2734 ait,
225 2664 353 2734 emoriar,
368 2664 452 2743 quam
467 2667 503 2724 sit
518 2666 570 2724 tibi
584 2665 668 2743 copia
680 2665 780 2724 nostri.
857 2667 914 2724 891

81 2833 213 2886 macana
224 2846 325 2907 (amore
342 2842 473 2906 Narcissi).
511 2844 652 2906 manau.
664 2840 761 2903 nucib
773 2841 876 2884 asub*
