1912 3082
89 137 146 193 102
390 115 655 185 ‘nurauonruss

88 277 146 335 Sed
159 287 255 334 tamen
264 297 296 335 os
306 276 447 348 timidum,
458 280 612 356 vultusque
626 281 654 335 in
666 298 806 337 marmore
819 265 943 357 supplosi

88 356 296 433 Submissaeque
310 377 420 428 manus,
431 359 575 437 faciesque
589 359 714 417 obnoxia
725 360 838 416 mansit.

127 537 220 628 Maste
233 539 264 595 in
277 557 348 607 acas,
363 548 389 595 et
401 538 524 612 Pyrenei
529 538 728 612 praerapidum.
770 553 842 592 rna.
858 553 902 593 ιν.
943 520 954 553 ”

87 680 263 737 anreuus
276 679 416 754 aurigenae
427 678 561 736 comitem
576 677 705 735 Tritonia
717 677 794 734 fratri
883 679 954 734 25ίῖΙ

88 759 126 816 Se
140 759 227 816 dedit.
268 758 340 814 lnde
354 759 424 814 cavi
437 757 612 814 circumdata
625 759 704 814 nube
719 757 859 832 Seriphon
952 760 954 765 '

87 837 211 905 Deserit,
224 855 242 893 a
256 837 357 894 dextra
369 837 484 914 Cythno
499 836 653 913 Gyaroque
667 836 781 904 relictis,

87 917 207 992 Quique
220 935 304 993 super
317 920 454 991 pontum¹
467 916 513 972 via
526 915 586 972 visa
599 915 771 983 brevissima,
788 915 912 982 Thebas,

85 995 308 1071 Virgineumque
322 995 464 1052 Helicona
473 993 562 1071 petit;
580 1013 636 1070 quo
651 1005 748 1051 monte
762 994 855 1070 potita
943 1016 946 1021 ·

88 1074 243 1142 Constitit3
261 1085 291 1131 et
305 1074 405 1132 doctas
419 1074 459 1131 sic
473 1084 518 1131 est
529 1072 615 1131 affata
627 1077 772 1130 sorores²z
945 1142 948 1147 Ι

127 1153 215 1211 Fama
228 1154 293 1211 novi
307 1154 394 1210 fontis
407 1164 518 1210 nostras
531 1152 659 1228 pervenit
673 1153 710 1208 ad
724 1171 815 1221 aures,
904 1172 907 1177 ·

85 1232 168 1289 Dura
182 1232 321 1289 Medusaei
336 1251 420 1308 quem
433 1232 585 1309 praepetis³
598 1232 705 1307 ungula
717 1231 802 1306 rupit.
947 1298 950 1303 Ι

85 1310 114 1368 Is
128 1311 196 1366 mihi
211 1329 297 1368 causa
310 1312 372 1367 viae.
413 1311 499 1367 Volui
513 1310 641 1367 mirabile
656 1321 814 1367 monstrum
901 1334 904 1339 ¹
944 1308 952 1337 ²

88 1391 230 1456 Cernere;
249 1389 306 1445 vidi
320 1389 413 1465 ipsum
425 1400 554 1446 materno
569 1389 706 1464 sunguine
718 1388 805 1446 nasci.

87 1467 205 1543 Excipit
220 1467 343 1526 Uranie:
366 1471 551 1544 Quaecunque
565 1479 609 1526 est
624 1487 710 1525 causa
723 1466 838 1524 videndi
882 1470 942 1525 260

86 1546 150 1602 Has
165 1547 226 1616 tibi,
239 1547 323 1615 Diva,
338 1547 447 1616 domos,
462 1548 556 1604 animo
570 1547 730 1623 gratissima
743 1557 840 1603 nostro
854 1565 894 1604 es.

85 1625 163 1682 Vera
174 1636 270 1684 tumen
284 1625 360 1684 fama
374 1636 436 1695 est3
456 1636 486 1684 et
499 1627 626 1702 Pegasus
638 1626 724 1702 hujus
742 1625 821 1700 origo

86 1704 185 1762 Fontis
195 1710 217 1774 ⁴,
232 1706 312 1763 etad
327 1706 427 1764 latices
441 1706 557 1764 deducit
573 1704 689 1763 Pallada
702 1723 805 1775 sacros,

86 1785 158 1846 Quae
170 1785 271 1842 mirata
285 1785 334 1842 diu
347 1786 438 1843 factas
449 1786 530 1861 pedis
544 1784 648 1842 ictibus
661 1784 761 1852 undas,

86 1862 225 1920 Silvarum
237 1865 318 1921 lucos
331 1864 521 1940 circumspicit
535 1864 721 1940 antiquarum,

88 1942 246 2019 Antraque,
261 1955 291 2002 et
305 1943 458 2002 innumeris
470 1944 618 2001 distinctas
632 1942 749 1999 floribus
759 1941 882 1999 herbas:
937 1986 940 1992 .

86 2020 253 2096 Felicesque
267 2032 351 2079 vocat
364 2023 470 2097 pariter
483 2022 625 2097 studiique
637 2021 749 2096 locique

85 2098 297 2168 Mnemonidas,
319 2119 404 2174 quarn
419 2100 459 2156 sic
474 2100 559 2157 affata
570 2111 614 2156 est
626 2119 684 2156 una
696 2118 840 2157 sororum:

128 2178 165 2245 0,
177 2178 230 2234 nisi
241 2189 271 2234 te
281 2178 369 2234 virtus
379 2197 466 2253 opera
476 2179 513 2235 ad
524 2183 631 2255 majora
642 2179 761 2248 tulisset,

85 2256 121 2313 In
132 2267 243 2332 partem
254 2267 374 2314 ventura
386 2257 464 2313 chori
477 2257 606 2315 Tritonia
616 2257 713 2325 nostri,
882 2257 942 2313 270

84 2335 160 2392 Vera
169 2335 268 2401 refers3
286 2335 443 2412 meritoque
453 2338 698 2413 probas'artesque
709 2335 879 2412 locumques

85 2413 126 2472 Et
137 2425 246 2489 ‘gratam
257 2426 371 2481 sortem,
384 2424 454 2472 tutae
464 2416 550 2473 modo
563 2416 659 2484 simuS,
671 2416 819 2472 habemus.

89 2493 156 2564 Sed,
166 2493 286 2551 vetitum
301 2504 345 2552 est
354 2495 427 2552 adeo
438 2495 536 2553 sceleri
546 2495 624 2566 nihil,
637 2493 733 2552 omnia
743 2503 851 2552 terrent

115 2651 123 2681 ¹
136 2657 246 2705 Pontum,
257 2654 273 2698 τ’.
287 2669 305 2699 e.
318 2654 387 2699 More
399 2657 505 2714 AEgeum.
519 2655 559 2701 the
569 2653 746 2716 Archipelag03
758 2651 787 2698 ol'
794 2652 871 2698 which
883 2651 941 2713 only

81 2730 97 2760 a
106 2730 162 2774 very
171 2716 240 2762 small
251 2724 304 2774 part
313 2717 335 2762 is
345 2717 400 2762 here
412 2717 515 2763 referred
526 2728 558 2770 to,
570 2718 613 2764 viz.
624 2719 675 2763 that
685 2719 790 2762 between
802 2715 843 2762 the
856 2713 940 2761 island

68 2777 197 2834 SetIpIms,
217 2779 269 2827 and
286 2781 328 2828 the
343 2779 472 2827 continent
487 2780 515 2828 ol'
531 2783 626 2830 Graece.
659 2777 675 2807 '¹
687 2782 773 2826 Doctae
789 2794 883 2830 sorores.
900 2778 942 2824 the

44 2833 160 2919 ‘learned
177 2842 274 2892 Sisters.
287 2848 303 2893 ι’.
320 2863 338 2895 e.
353 2846 398 2894 the
416 2846 513 2895 Muses.
546 2843 697 2905 'Prospalta
708 2843 727 2888 i.
738 2856 759 2885 e.
778 2842 871 2897 regnu,
892 2852 952 2898 v·

60 2897 163 2957 ΜΛ),
176 2908 224 2955 ἐι.
240 2911 425 2975 Hippocrenes,
439 2928 465 2977 q.
480 2912 519 2961 vi,
547 2905 551 2912 ’

206 3034 309 3054 ,Β
