1912 3082
323 144 396 194 LIB.
417 147 499 195 XIII.
519 144 600 195 SAB.
620 148 644 195 1.
851 142 905 200 Idi

10 280 15 349 ἱ,
54 280 210 358 Exitioque
222 281 288 339 dedi
302 300 368 338 cum
384 282 618 341 Chersidamante
632 283 761 352 Thob'na,
848 287 907 341 259

10 366 15 435 j
55 360 93 419 Et
108 361 271 436 Charopen,
283 360 406 437 fatisque
420 362 577 419 immitibus
592 362 744 419 Ennomon
757 371 873 421 actum:

10 444 13 501 i
53 439 168 516 Quique
181 440 275 498 mimis
288 441 416 498 celebres
429 442 527 498 nostri
540 443 594 498 sub
608 441 750 499 moenibus
764 442 841 499 urbis
903 459 906 467 ’

10 518 13 527 “
53 519 238 578 Ριοοιιίιιιὲιε
251 539 347 577 manu.
390 520 463 578 Sunt
477 521 588 579 etmihi
601 520 726 588 vulnera,
741 520 826 590 cives,

53 599 119 676 Ipso
133 598 254 676 pulchra
266 598 349 657 loco:
370 618 425 657 nee
438 599 518 657 vanis
531 599 638 658 credite
651 599 762 656 verbis:

54 678 206 754 Adspicite
220 677 270 736 en!
286 689 450 755 vestemque
464 698 550 736 manu
565 679 690 747 deducit,
702 688 741 748 et,
757 678 830 737 Haec
841 690 907 739 sunt

54 757 178 815 Pectora
191 775 310 833 semper,
324 758 372 826 ait,
386 758 487 816 vestris
501 759 626 816 exercita
638 760 734 817 rebus.

10 828 97 894 At
109 836 181 893 nihil
195 836 333 928 impendit
346 856 396 913 per
410 848 454 894 tot
469 838 651 895 Telamonius
665 857 756 896 annos

55 914 229 992 Sanguinis
221 934 251 971 ιιι
264 915 374 982 soeios;
394 927 423 973 et
437 917 560 975 habet
539 936 599 974 srne
612 917 728 974 vulnere
743 936 854 993 corpus.

53 995 131 1060 Quid
146 1005 243 1052 tamen
255 994 311 1051 hoc
323 995 453 1062 refert;
431 1015 454 1052 si
469 1014 499 1052 se
512 1014 563 1071 pro
577 995 667 1052 classe
682 996 802 1071 Pelasga

53 1075 146 1132 Arma
158 1073 257 1131 tulisse
270 1073 355 1131 refert
369 1084 470 1131 contra
483 1074 628 1150 Troasque
642 1075 821 1149 Jovemque?

54 1153 265 1228 Confiteorque,
279 1153 362 1219 tulit;
382 1172 474 1228 neque
488 1152 563 1210 enim
577 1155 652 1211 bene
665 1152 742 1209 facta
750 1153 874 1230 maligne

53 1233 224 1290 Detrectare
237 1251 332 1289 meum
347 1242 408 1289 est:
430 1232 480 1289 sed
493 1251 547 1289 nec
561 1232 723 1289 communia
736 1231 813 1289 solus
845 1235 902 1290 271

54 1310 197 1389 Occupet,
206 1321 291 1386 atque
305 1311 428 1388 aliquem
436 1311 517 1369 vobis
526 1311 638 1388 qudque
646 1310 746 1370 reddat
759 1311 904 1370 honorem.

53 1389 193 1468 Reppulit
206 1391 368 1459 Actorides,
383 1393 436 1448 sub
451 1391 573 1466 imagine
586 1401 666 1448 tutus
680 1391 811 1459 Achillis,

55 1468 145 1527 Troas
159 1471 197 1528 ab
210 1470 312 1526 arsuris
327 1489 392 1526 eum
406 1470 553 1527 defensore
567 1471 677 1528 carinis.

55 1549 169 1606 Ausum
183 1549 268 1606 etiam
283 1548 429 1605 Hectoreo
443 1549 535 1606 solum
549 1567 716 1607 concurrere
730 1548 819 1606 Marti

56 1627 92 1686 Se
105 1637 198 1705 putat,
214 1628 319 1685 oblitus
332 1628 473 1703 regisque,
488 1627 659 1702 ducumque,
673 1626 795 1717 meique,

55 1704 178 1764 Nonus'
170 1726 199 1763 m
213 1706 313 1775 officio,
328 1718 358 1764 et
371 1707 503 1782 praelatus
517 1724 634 1762 munere
647 1705 739 1762 sortis

55 1784 112 1844 Sed
126 1795 223 1843 tamen
237 1796 355 1843 eventus
368 1797 476 1853 vestrae,
487 1783 648 1852 fortissime,
663 1802 766 1859 pugnae

55 1865 126 1930 Quis
138 1864 216 1922 fuit?
256 1865 368 1922 Hector
381 1865 442 1923 abit
454 1864 576 1920 violatus
589 1863 705 1920 vulnere
717 1862 804 1919 nullo.
866 1889 869 1894 ·

92 1943 148 2002 Me
160 1942 311 2002 miserum!
334 1954 441 2020 quanto
452 1961 540 2019 cogor
552 1941 713 1999 meminisse
727 1941 824 1998 dolore
845 1943 904 1998 280

55 2021 204 2100 Temporis
217 2022 300 2091 illius,
315 2042 381 2099 quo,
396 2022 516 2081 Graidm
529 2040 635 2090 murus,
650 2021 778 2078 Achilles

55 2100 231 2162 Procubuit!
254 2121 308 2159 nec
320 2121 367 2158 me
381 2103 520 2178 lacrymae,
535 2101 673 2170 luctusve‚
688 2101 807 2159 timorve

54 2180 223 2248 Tardarunt,
235 2181 302 2256 quin
316 2200 418 2272 corpus
431 2181 518 2238 humo
532 2181 653 2238 sublime
666 2180 807 2239 referrem.

55 2260 109 2318 His
122 2259 256 2328 humeris,
271 2260 345 2328 his,'
337 2279 461 2337 mquam,
469 2260 594 2318 humeris
607 2280 661 2336 ego
670 2279 773 2338 corpus
784 2261 904 2318 Achillis

10 2346 13 2403 l
54 2338 93 2397 Et
106 2339 191 2398 simul
205 2357 283 2396 arma
296 2338 358 2408 tuli,
373 2359 436 2415 quae
446 2358 522 2397 nunc
535 2339 648 2415 qudque
660 2339 734 2397 ferre
747 2341 855 2397 laboro.

10 2418 128 2477 'Sunt
141 2417 219 2486 mibi,
234 2437 296 2494 quae
309 2417 444 2476 valeant
436 2437 465 2474 ιιι
479 2418 547 2476 talia
560 2418 735 2493 pondera,
710 2438 799 2485 vires;

54 2497 107 2556 Est
120 2498 231 2556 animus
244 2508 353 2554 vestros
366 2497 444 2554 certe
458 2516 591 2554 sensurus
604 2497 734 2552 honores.

54 2576 170 2636 Scilicet
182 2576 288 2633 idcirco
302 2595 353 2652 pro
367 2587 435 2634 nato
449 2576 552 2633 caerula
564 2585 655 2631 mater

54 2656 217 2715 Ambitiosa
230 2674 282 2712 suo
294 2656 357 2723 fuit,
372 2665 405 2712 ut
418 2655 546 2712 coelestia
559 2655 642 2721 dona,

54 2736 133 2795 Artis
147 2753 219 2812 opus
234 2744 328 2803 tantae,
342 2734 420 2791 rudis
434 2745 464 2792 et
477 2734 538 2793 sine
551 2744 672 2815 pectore
682 2731 771 2790 miles
847 2734 918 2786 ‘tub

50 2814 210 2872 indueret?
224 2815 409 2888 nequeenim
424 2815 524 2896 clypei
539 2815 700 2915 caelamina
709 2812 806 2879 nbr'it,
