1912 3082
61 130 128 190 1502
353 131 603 183 METAMORPH.
624 133 626 137 '
657 127 669 176 3'
743 173 745 177 .

59 268 257 344 Aut'spoliata
270 288 346 339 suos,
358 280 418 339 aut,
428 288 499 346 quos
512 271 608 339 habet,
624 270 689 327 alba
703 265 831 345 capillos.
865 317 868 321 .
914 267 924 323 ἱ

99 349 205 405 Nostra
215 347 329 425 quoquo
340 349 465 424 ipsorum
476 368 594 425 semper,
605 347 757 425 requieque
769 347 831 406 sine
842 344 924 418 ulla,

59 427 187 502 Corpora
196 437 361 485 vertuntur:
381 446 444 495 nec,
456 427 532 501 quod
545 427 691 496 fuimusve,
707 445 850 497 sumusve,

60 506 130 563 Cras
144 505 258 563 erimus.
298 505 364 563 Fuit
377 505 426 562 illa
435 505 504 574 dies,
517 508 573 582 qui
586 505 694 563 semina
707 505 830 576 tantrlm,
920 504 924 511 “

61 583 189 660 Spesque
201 584 349 641 hominnm
361 584 466 659 primae,
481 586 610 642 materna
621 583 812 643 habitavimus
825 584 900 642 alvo.
921 581 926 589 ’

60 662 195 720 Artifices
210 662 320 719 Natura
332 680 433 719 manus
446 662 572 720 admovit
584 687 591 730 ;
611 673 641 719 et
654 663 720 738 angi

61 741 188 816 Corpora
200 740 353 798 visceribus
367 740 497 797 distentae
511 741 627 798 condita
641 741 737 798 matris

59 818 178 885 Noluit;
197 837 270 894 eque
284 819 369 874 domo
383 837 487 875 vacuas
500 819 594 877 emisit
607 819 636 875 iu
650 838 741 876 auras.
852 821 912 877 220

59 895 163 954 Editus
177 896 206 952 in
218 897 312 953 lucem
323 897 415 973 jacuit
428 896 488 954 sine
501 898 607 955 viribus
620 897 731 954 infans:

59 973 134 1032 Mox
148 975 316 1051 quadrupes,
331 975 443 1052 rituque
458 975 523 1033 tulit
537 996 588 1034 sua
601 978 729 1033 membra
741 975 882 1033 ferarumr

58 1052 257 1130 PaulatImque
271 1064 404 1122 tremens,
417 1065 448 1112 et
460 1055 588 1112 nondum
600 1054 710 1130 poplite
724 1055 806 1110 firmo

60 1132 205 1200 Constitit,
219 1132 324 1208 adjutis
337 1132 432 1209 aliquo
446 1133 595 1191 conamine
609 1132 711 1191 nervis.

58 1211 131 1267 Inde
144 1212 241 1268 valens
254 1211 395 1287 veloxque
408 1211 477 1278 fuit3
491 1211 670 1288 spatiamque
681 1215 806 1288 juventae

59 1288 182 1356 Transit,
196 1299 235 1355 et,
250 1289 372 1346 emensis
385 1289 471 1347 medii
483 1290 596 1367 quoque
609 1289 744 1364 temporis
757 1288 849 1358 annis,
920 1290 923 1295 '

57 1365 179 1424 Labitur
196 1365 323 1423 occiduae
335 1386 387 1443 per
398 1366 452 1424 iter
465 1368 574 1427 declive
588 1379 718 1426 senectae.

59 1444 177 1502 Subruit
188 1445 249 1504 haec
262 1445 314 1503 aevi
328 1444 534 1522 demoliturque
547 1447 647 1522 prioris

59 1521 194 1583 Robora:
214 1527 321 1600 fletque
333 1525 427 1582 Milon
441 1525 542 1594 senior,
555 1524 622 1582 crim
636 1534 748 1600 spectat
760 1525 860 1584 inanes

56 1599 135 1672 Illos,
150 1604 199 1680 qui
211 1604 324 1662 fuerant
337 1603 490 1661 solidorum
502 1603 577 1660 mole
591 1613 717 1660 tororum
852 1605 912 1661 230

57 1681 210 1740 Herculeis
224 1683 337 1752 similes,
352 1682 456 1740 fluidos
468 1683 592 1759 pendere
606 1682 737 1740 lacertos.

57 1759 123 1818 alet
137 1761 259 1839 quoque,
273 1772 306 1818 ut
319 1762 348 1818 in
362 1761 479 1838 speculo
489 1780 574 1837 rugas
587 1761 719 1836 adspexit
732 1760 832 1831 aniles,

57 1838 208 1916 Tyndaris,
223 1852 254 1899 et
268 1852 375 1909 secum,
390 1859 442 1897 cur
454 1839 492 1898 sit
504 1840 549 1898 bis
562 1849 652 1914 rapta,
665 1839 791 1915 requirit.

58 1916 187 1995 Tempus
199 1920 274 1976 edax
287 1938 390 1986 rerum,
405 1929 501 1995 tuque,
516 1918 653 1975 invidiosa
665 1928 801 1986 vetustas,

58 1995 165 2053 Omnia
179 1996 331 2065 destruitis,
346 1997 502 2072 vitiataque
514 1997 648 2054 dentibus
659 1997 712 2053 aevi

58 2073 202 2132 Paulatim
215 2075 294 2133 lenta
306 2074 471 2131 consumitis
483 2075 579 2131 omnia
592 2085 693 2132 morte.
817 2077 912 2149 [muse

57 2151 133 2208 Haec
149 2151 262 2227 quoque
282 2169 340 2208 non
360 2161 497 2227 perstant,
516 2171 579 2227 quae
599 2171 652 2211 nos
665 2153 807 2211 elementa
826 2171 911 2211 voca·

57 2232 192 2306 Quasque
206 2229 283 2287 vices
295 2239 442 2305 peragant,
454 2229 564 2288 animm
577 2230 721 2302 adhibete,
736 2233 857 2290 docebo.

66 2403 271 2467 Eammtmom
285 2406 454 2476 mutationes,
468 2415 495 2464 et
505 2425 587 2484 aqatce
599 2408 631 2464 ia
643 2416 738 2477 temus,
759 2415 863 2485 monas
880 2384 924 2468 inf

272 2485 366 2556 vallea
380 2495 407 2544 et
417 2495 522 2544 amara
543 2503 616 2544 rna.
631 2505 674 2544 1v.
762 2571 764 2575 ἲ

57 2626 219 2691 Quaruoa
233 2636 356 2684 aeternus
367 2627 502 2704 genitalia
516 2646 634 2703 corpora
648 2627 771 2684 mundus

59 2705 213 2762 Continet:
233 2704 336 2761 exiliis
349 2707 408 2762 duo
423 2716 489 2763 sunt
499 2725 628 2773 onerosa,
643 2725 752 2780 suoque
853 2708 922 2783 2401

40 2780 182 2841 Pondere
193 2783 225 2841 in
237 2781 365 2854 inferius,
383 2785 469 2845 tellus
482 2794 569 2862 atque
578 2784 667 2851 unda,
677 2783 806 2840 feruntur
818 2809 826 2847 ς

19 2852 70 2911 Ee
81 2862 215 2923 totidem
227 2863 381 2944 gravitate
397 2875 513 2938 mreut,
525 2863 668 2941 nulloque
678 2872 850 2938 premente,

153 3024 284 3050 A
