1912 3082
307 112 381 161 ΜΒ.
401 112 458 164 111.
476 114 559 163 Fon.
578 115 660 163 v111.
875 117 914 171 63

52 253 145 316 Quem
156 267 256 326 nequo
264 248 342 307 bellu
351 253 460 325 juvant.
471 269 525 309 nec
536 250 602 320 tels,
615 270 670 309 nec
682 271 750 309 usus
762 271 913 330 equorum;

10 348 14 397 j
56 329 108 387 Sed
119 329 259 387 madidus
272 328 387 404 myrrht
398 328 490 397 crinis,
502 328 658 405 mollesque
671 349 792 401 corone,

10 402 16 499 l
57 408 250 486 lupumque,
264 416 295 464 et
307 406 392 483 pictis
403 407 546 466 intextum
556 409 684 466 vestibus
694 428 802 467 aurum.
828 414 911 488 [gam

12 502 17 555 ς
57 488 145 553 Quem
159 487 281 563 quidem
299 504 354 560 ego
371 496 509 555 actutum,
532 487 619 545 modd
638 505 689 544 vos
701 489 839 559 absistite,
864 512 911 549 co-

11 558 16 577 '
57 568 285 641 Assumtumque
297 573 408 640 putrem
421 576 639 642 commentaque
650 585 730 624 sacra
742 566 832 625 fateri.

56 647 101 703 An
113 646 186 703 satis
200 642 316 702 Acrisio
329 653 374 701 est
385 642 480 711 animi,
491 653 674 703 contemnere
687 664 793 703 vonum

10 694 14 749 Ι
56 724 169 782 Numen
178 727 198 793 ¹,
212 732 244 780 et
258 721 407 797 Argolicus
420 722 544 779 venienti
558 722 689 781 claudere
703 735 816 800 portas3
854 728 912 783 560

54 803 185 862 Penthea
197 800 317 859 terrebit
331 818 397 857 cum
411 800 479 857 totis
493 801 602 859 advene
616 801 747 861 Thebis?

10 914 12 941 t
54 882 97 942 Ite
110 881 171 949 citi,
184 878 300 938 famulis
312 878 368 936 hoc
382 878 501 954 imperat
511 883 530 948 2,
544 879 593 948 ite,
607 880 766 957 ducemque

55 961 202 1019 Attrahite
215 959 274 1015 buc
286 956 414 1014 vinctum
424 978 433 1014 r
443 958 529 1034 jussis
543 977 622 1016 mora
635 958 729 1035 segnis
742 961 852 1019 abesto.

90 1039 186 1097 Hunc
197 1056 278 1105 avus,
291 1036 369 1093 hunc
382 1036 530 1105 Athamas,
544 1036 622 1094 hunc
635 1049 739 1095 caetera
751 1041 836 1097 turbu
848 1059 913 1096 suo-

55 1117 220 1195 corripiunt
233 1114 318 1173 dictis
326 1134 335 1173 t
344 1113 503 1190 frustraque
515 1115 643 1173 inhibere
656 1115 798 1174 laborant.
839 1128 910 1195 trum

55 1197 158 1255 Acrior
171 1192 321 1255 admonitu
335 1203 379 1250 est
390 1216 398 1261 ;
410 1193 590 1270 imitaturque
602 1204 715 1252 retenta

55 1275 93 1333 lit
106 1274 213 1334 erescit
225 1272 318 1331 rabies
328 1295 336 1340 ;
348 1271 591 1348 remoraminaque
603 1272 665 1349 ipsa
678 1276 830 1333 nocebant.

57 1354 104 1412 Sic
116 1372 173 1430 ego
188 1362 352 1420 torrentem,
366 1351 422 1427 qud
434 1350 475 1407 nil
489 1352 622 1409 obstabat
636 1352 723 1422 eunti,

56 1432 173 1499 leniris,
189 1441 220 1489 et
233 1430 346 1487 modico
361 1429 482 1507 strepitu
496 1430 645 1489 decurrere
658 1431 724 1489 vidi.

56 1513 106 1580 At,
122 1511 293 1587 qudcunque
306 1511 401 1567 trabes
413 1510 617 1585 obstructaque
631 1529 700 1567 saxo
714 1511 858 1578 tenebunt,

56 1590 209 1667 Spumeus,
224 1600 255 1646 et
267 1588 385 1656 fervens,
400 1598 430 1646 et
443 1590 480 1646 ab
496 1588 588 1665 objice
602 1589 700 1646 saevior
712 1589 781 1647 ibat.
854 1591 910 1646 571

55 1668 153 1728 Ecce!
170 1666 310 1725 cruentati
323 1666 463 1724 redeunt³
475 1691 483 1736 ;
497 1677 535 1736 et,
548 1667 678 1726 Bocchus
691 1668 741 1726 ubi
756 1678 839 1735 esset,

57 1746 204 1813 Quaerenti
218 1745 343 1813 domino,
358 1745 504 1803 Bocchum
519 1746 630 1814 vidisse,
644 1748 792 1822 negdrunt.

56 1827 155 1895 Hunc,
169 1823 277 1892 dixere,
298 1834 394 1882 tamen
408 1824 550 1894 comitem,
564 1824 757 1902 famulumque
772 1845 913 1882 sacrorum

59 1904 195 1981 Cepimus
207 1927 215 1970 ;
227 1914 258 1961 et
271 1903 388 1960 trudunt
401 1903 531 1960 manibus
541 1912 607 1979 post
620 1913 701 1980 terga
713 1904 815 1979 ligatis,

59 1983 146 2042 Sacra
158 1982 206 2041 dei
220 1982 363 2060 quondam
375 1981 522 2058 Tyrrheni
533 1991 620 2058 gente
635 1993 774 2041 secutum.

258 2137 390 2197 Bocchus
403 2148 508 2214 raptus.
550 2157 622 2196 nnn.
638 2158 707 2197 v111.

59 2299 214 2355 Aosr1crr
227 2297 304 2354 bunc
314 2301 327 2333 ⁴
339 2296 429 2353 oculis
444 2296 597 2366 Pentheus,
611 2316 682 2372 quos
696 2296 737 2354 iro
751 2296 914 2355 tremendos

10 2378 15 2503 q
60 2377 192 2443 Fecerat;
211 2386 249 2443 et,
264 2367 423 2465 quenquam
437 2394 528 2450 poenae
541 2375 590 2431 vix
603 2386 731 2451 tempore
744 2376 847 2445 differt,

60 2456 85 2513 0
98 2457 234 2534 periture,
249 2455 354 2531 tulique
367 2454 429 2511 alus
443 2454 635 2513 documento⁶
649 2455 750 2512 dature
855 2456 913 2509 579

10 2582 18 2681 i
90 2613 97 2641 ¹
115 2615 205 2660 Vanum
212 2628 304 2667 numen,
316 2611 362 2658 this
372 2611 430 2658 salse
439 2610 509 2671 deity.
545 2611 555 2640 2
568 2614 667 2672 Imperat
678 2615 726 2663 doc,
737 2612 766 2656 he
778 2608 916 2656 commando

10 2686 13 2719 1
60 2677 121 2732 tbis;
139 2676 170 2722 be
187 2674 252 2736 gives
262 2675 309 2721 thir
318 2675 396 2721 order.
428 2674 533 2721 Ἐπεί
554 2672 661 2736 (famuli)
681 2676 794 2720 muentoti
812 2674 914 2718 redeunt.

10 2730 14 2807 f
60 2738 160 2794 ‘Hono
174 2738 190 2784 ι’.
200 2752 221 2784 e.
234 2740 335 2786 Acoeten.
368 2738 541 2795 'Documento,
552 2752 566 2783 u
578 2735 696 2802 warninq.
