1912 3082
56 124 95 180 46
370 143 618 192 maranorum.

97 282 176 338 Orbe
185 290 337 357 pererrato,
352 280 415 357 quis
428 278 505 338 enim
519 278 693 357 deprendere
706 278 796 356 possit

57 361 144 417 Furta
157 360 255 418 Jovis?
275 359 413 436 profugus
424 360 601 437 patriamque
612 359 739 435 iramque
749 356 876 434 parentis

57 439 138 497 Vitat
152 440 340 515 Agenorides,
356 440 514 516 Phoebique
528 438 643 497 oracula
657 438 779 515 supplex

58 518 198 590 Consulit,
214 530 252 589 et,
266 539 329 595 quae
343 519 380 577 sit
392 519 477 577 tellus
487 518 651 588 habitanda,
666 517 790 594 requirit.

57 598 116 656 Bos
130 599 191 669 tibi,
205 599 331 656 Phoebus
344 598 393 668 ait,
408 597 476 656 solis
489 608 620 657 occurret
633 597 663 654 in
675 595 758 665 arvis,
879 596 915 651 10

57 677 177 735 Nullum
188 696 271 754 passa
282 682 392 755 jugum,
407 678 541 755 curvique
554 675 688 734 immunis
701 675 795 733 aratri.

58 757 124 815 Hac
138 758 212 815 duce
224 775 308 834 carpe
321 757 389 826 aas,
404 767 442 826 et,
457 758 514 832 qud
525 755 694 832 requieverit
704 754 802 824 herbd,

57 835 169 893 Moenia
178 836 224 895 fac
234 836 358 904 condam
379 836 547 912 Boeotiaque
560 835 626 893 illa¹
639 843 752 892 vocato.
906 838 913 849 “’

98 915 156 972 Vix
167 917 242 973 bene
257 915 383 973 Castalio
398 915 524 973 Cadmus
538 914 726 972 descenderat
739 922 831 981 auno,

58 994 286 1052 Incustoditam2
298 994 378 1053 lente
392 993 469 1052 videt
481 994 522 1052 irc
533 997 696 1072 juvencam,

59 1073 179 1131 Nullum
192 1073 296 1132 servitii
310 1075 422 1151 signum
436 1074 546 1132 cervice
559 1082 716 1149 gerentem.

60 1153 257 1230 Subsequitur,
271 1173 424 1231 pressoque
437 1153 507 1230 legit
521 1152 639 1228 vestigia
652 1150 779 1228 gressu³;

60 1232 298 1309 Auctoremque⁴
310 1233 362 1290 viae
377 1233 518 1291 Phoebum
536 1232 694 1291 taciturnus
706 1230 816 1288 adorat.

97 1312 165 1368 Jam
179 1312 252 1369 vada
267 1312 390 1388 Cephisi,
406 1312 593 1389 Panopesque
607 1320 734 1369 evaserat
745 1327 829 1377 ωας

59 1388 117 1447 Bos
132 1389 227 1457 stetit;
241 1400 280 1460 et,
294 1390 397 1449 tollens
410 1391 563 1467 spatiosam
578 1390 712 1449 cornibus
725 1388 791 1446 altis
877 1388 916 1445 20

59 1468 109 1526 Ad
121 1468 226 1526 coelum
239 1469 372 1539 frontem,
387 1469 544 1545 mugitibus
558 1468 672 1547 impulit
683 1486 776 1527 auras.

58 1548 158 1624 Atque
168 1547 217 1616 ita,
229 1548 382 1626 respiciens
396 1548 515 1606 comites
529 1568 580 1607 sua
589 1559 670 1624 terga
681 1557 843 1624 sequentes,

59 1626 224 1696 Procubuit,
239 1629 392 1705 teneraque
406 1628 481 1685 latus
499 1628 630 1686 submisit
640 1628 670 1684 in
679 1627 777 1684 herba

60 1706 186 1763 Cadmus
197 1707 257 1783 agit
268 1718 363 1784 grates
368 1707 389 1777 ⁵,
402 1707 613 1784 peregrinaeque
624 1705 722 1764 oscula
735 1715 818 1764 terra

60 1783 143 1860 Figit,
159 1796 189 1842 et
202 1785 315 1862 ignotos
326 1798 439 1845 montes
450 1805 589 1863 agrosque
603 1785 717 1843 salutat.
823 1824 826 1831 -

61 1862 148 1921 Sacra
161 1865 227 1922 Jovi
239 1866 366 1924 facturus
380 1877 457 1933 erat;
475 1866 559 1943 jubet
572 1865 612 1923 ire
625 1863 776 1932 ministros,

60 1941 99 1999 Et
110 1954 209 2019 petere
223 1963 240 2001 e
251 1945 320 2002 vivis
334 1945 464 2002 libandas
474 1945 602 2003 fontibus
615 1943 716 2001 undas.

100 2021 176 2078 Silva
189 2033 272 2080 vetus
286 2025 390 2092 stabat,
404 2022 483 2079 nulla
495 2022 621 2080 violata⁶
635 2021 744 2090 securi3

61 2098 114 2156 Est
125 2117 227 2175 specus
238 2100 268 2156 in
277 2101 380 2169 medio,
395 2101 479 2177 virgis
492 2119 527 2158 ac
539 2101 643 2160 vimine
657 2102 764 2160 densus
772 2101 793 2169 l,

60 2177 193 2235 Efficiens
203 2178 339 2236 humilem
352 2179 479 2256 lapidum
493 2181 679 2257 compagibus
690 2198 798 2249 arcum,
879 2180 917 2235 00

60 2257 204 2316 Uberibus
217 2257 389 2316 foecundus⁸
400 2259 489 2336 aquis.
529 2259 598 2318 Hoc
610 2259 743 2317 conditus
756 2268 839 2317 anuo

60 2335 183 2394 Martius
197 2337 298 2414 anguis
311 2348 381 2407 erat,
396 2338 488 2397 cristis
500 2339 647 2415 praesignis
661 2349 691 2396 et
704 2355 774 2396 auro
785 2342 814 2407 ⁹;

91 2493 158 2543 'Illo
178 2494 295 2558 (moenia),
312 2496 378 2544 these
388 2499 469 2554 walls,
487 2496 539 2544 that
555 2506 626 2544 town.
659 2495 856 2551 'Incustoditom
872 2510 917 2543 un·

58 2558 153 2613 herded,
163 2558 291 2606 untended.
324 2559 735 2620 'herrogmsuwithaslowstep
770 2559 918 2615 ‘Auctorem

59 2623 99 2667 the
109 2621 195 2677 leader,
205 2622 246 2668 the
253 2620 360 2670 director.
392 2622 403 2652 ⁸
417 2624 498 2670 Grates
507 2620 632 2686 (Phoebo).
667 2621 678 2650 ⁸
692 2624 786 2679 Violato,
797 2620 919 2682 profansd.

59 2684 68 2710 ¹
79 2687 178 2736 Densus,
188 2684 252 2731 thick
263 2683 377 2742 covered;
387 2685 474 2746 closely
481 2685 607 2733 entwined.
638 2685 649 2715 ⁸
660 2687 794 2734 Foecandus
805 2686 917 2738 mentes.

39 2746 196 2816 abprrndr'ng
207 2746 377 2823 wimdowiug.
407 2747 499 2804 ’Aura
528 2747 632 2802 oldae.
646 2747 919 2811 guldenscslesncslas

38 2806 118 2850 *bled
128 2812 271 2860 resembled
277 2811 342 2876 gold
352 2827 379 2860 m
388 2811 472 2862 colour
484 2827 517 2862 aa
542 2811 681 2875 splendour.
