1912 3082
58 147 97 203 3ss
357 157 607 203 Muunuoal‘u.

50 292 133 350 *Solis
147 290 228 366 equi;
249 290 387 368 solitaque
398 296 498 370 jugum
512 293 650 368 gravitate
664 294 788 351 carebat.
881 329 883 332 <

51 368 157 447 'thue
171 370 270 428 labant
284 389 376 428 curvae
387 376 464 449 justo
479 373 538 429 sine
552 372 677 447 pondere
690 390 786 439 naves,

61 451 171 526 Perque
184 469 269 518 mare,
284 449 430 508 instabiles
444 451 530 507 nimia
542 450 666 518 levitate,
680 450 824 517 feruntur;

61 529 109 586 Sic
123 548 208 586 onere
222 539 335 586 assueto
350 548 454 586 vacuos
467 528 517 586 dat
530 529 559 585 in
572 534 638 587 ae'ra
652 529 749 597 saltus,

62 607 282 684 Succutiturque
295 607 363 675 alte,
378 606 530 683 similisque
544 618 588 665 est
601 627 698 665 currus
711 606 798 663 inani.

61 687 147 752 Quod
161 687 279 743 simulac
292 687 415 754 sensere,
429 698 523 754 ruunt,
538 687 691 762 tritumque
704 686 868 761 relinquunt

61 765 229 841 Quadrijugi
243 765 382 842 spatium
402 784 465 832 nec,
479 784 535 840 quo
549 765 635 840 prius,
650 764 748 821 ordine
762 773 887 821 currunt

62 844 127 919 Ipse
141 854 234 920 pavet,
248 863 302 900 nec
316 844 373 919 qua
385 842 548 900 commissas
561 845 659 900 flectat
672 843 807 910 habenas,

64 923 135 990 Nec,
149 922 211 991 scit,
226 923 282 998 quis
295 923 332 979 sit
345 923 414 979 iter:
435 941 497 990 nec,
512 923 535 978 si
549 922 628 991 sciat,
642 921 762 997 imperet
775 921 837 977 illis.
862 923 906 976 17(

103 1002 177 1058 Tum
191 1001 313 1077 primum
326 1002 412 1059 radiis
425 1001 510 1079 gelidi
525 1001 637 1059 caluere
652 1001 780 1068 Triones

63 1080 102 1138 Et
115 1081 204 1138 vetito
217 1081 319 1138 frustra
333 1083 478 1137 tentarunt
491 1099 602 1155 aequore
616 1080 696 1156 tingi.

63 1162 190 1236 Quaeque
203 1161 270 1236 polo
284 1160 377 1235 posita
391 1170 434 1216 est
447 1159 557 1235 glaciali
569 1164 576 1194 ¹
589 1160 718 1234 proxima
733 1157 863 1233 Serpens,

64 1238 178 1314 Frigore
191 1239 271 1314 pigra
283 1239 371 1314 prius,
385 1257 439 1295 nec
452 1238 635 1295 formidabilis
650 1237 708 1304 ulli,

64 1316 203 1383 Incaluit;
223 1317 378 1392 sumsitque
392 1336 479 1374 novas
491 1317 647 1374 fervoribus
661 1316 723 1372 iras.

65 1394 108 1452 Te
122 1393 234 1470 quaque
248 1397 393 1453 turbatum
407 1406 565 1453 memorant
577 1395 692 1471 fugisse,
709 1395 809 1461 Boiite,

65 1473 201 1537 Quamvis
215 1474 311 1531 tardus
325 1492 396 1541 eras,
411 1485 440 1531 et
454 1485 483 1532 te
497 1486 547 1532 tua
559 1475 685 1550 plaustra
699 1474 846 1530 tenebant.

106 1553 148 1610 Ut
161 1551 227 1608 veri)
242 1572 351 1609 summo
367 1553 497 1629 despexit
510 1555 547 1611 ab
561 1553 665 1611 aethere
679 1563 768 1609 terras

65 1630 169 1688 Infelix
183 1631 340 1700 Phaethon,
354 1632 467 1708 penitus
480 1632 649 1709 penitusque
660 1634 798 1708 jacentes,

67 1712 180 1779 Palluit,
195 1721 225 1768 et
238 1711 332 1768 subito
346 1730 440 1787 genua
452 1711 622 1769 intremuere
636 1711 753 1776 timore3
864 1707 906 1764 18(

67 1790 196 1867 Suntque
209 1789 300 1847 oculis
313 1792 439 1848 tenebrae
452 1810 503 1866 per
515 1800 626 1847 tantum
641 1789 737 1846 lumen
751 1790 867 1846 obortae.

66 1869 106 1926 Et
116 1873 176 1947 J'am
189 1869 287 1927 mallet
300 1889 387 1945 equos
401 1888 545 1946 nunquam
559 1868 684 1943 tetigisse
697 1878 848 1943 paternos:

66 1948 188 2023 Jamque
202 1951 322 2024 agnhsse
335 1968 426 2024 genus
439 1949 526 2024 piget,
541 1958 571 2005 et
584 1947 704 2004 valuisse
717 1946 861 2022 rogando:

66 2027 133 2084 Jam
147 2026 275 2103 Meropis
289 2027 344 2083 dici
359 2026 492 2101 cupiens;
512 2027 553 2084 ita
564 2026 661 2095 fertur,
677 2037 708 2082 ut
722 2036 787 2082 acta
888 2066 899 2083 »,

68 2103 209 2180 Praecipiti
222 2104 306 2180 pinus
320 2105 420 2172 Borea,
436 2105 480 2161 cui
494 2104 570 2162 victa
582 2105 690 2162 remisit

68 2183 186 2240 Fraena²
200 2201 267 2239 suus
281 2192 374 2240 rector
381 2183 401 2250 ³,
416 2201 501 2259 quam
515 2184 569 2240 Dis
582 2183 711 2259 votisque
725 2182 847 2258 reliquit.

68 2261 146 2324 Quid
158 2259 266 2317 faciat?
286 2260 408 2318 multum
423 2260 486 2319 culi
501 2272 567 2337 post
580 2273 659 2337 terga
672 2262 821 2330 relictum
897 2258 898 2265 '

68 2341 148 2397 Ante
162 2339 260 2396 oculos
274 2339 339 2415 plus
352 2350 413 2398 este
433 2340 527 2397 animo
542 2339 657 2397 metitur
669 2351 831 2416 utrumque.

100 2497 106 2525 ¹
120 2498 219 2545 Glaciali
227 2499 285 2557 polo,
298 2506 323 2543 to
334 2497 373 2543 the
385 2497 422 2558 icy
433 2498 492 2557 pole,
505 2499 521 2544 ἰ.
531 2513 550 2544 e.
564 2506 589 2543 to
600 2497 639 2543 the
648 2496 726 2543 North
740 2497 806 2544 Poie.
837 2498 847 2527 ¹
860 2499 906 2544 Vnt

68 2563 158 2624 ficana,
170 2561 210 2606 the
221 2560 354 2620 conquered
365 2561 433 2614 teins,
445 2564 460 2607 i.
472 2577 491 2607 e.
508 2561 548 2606 the
564 2560 627 2606 heim
640 2562 728 2621 having
737 2560 784 2606 lost
800 2559 830 2607 its
836 2574 906 2621 powet

72 2629 94 2672 Α
106 2623 158 2684 ship
169 2623 194 2669 in
206 2623 252 2668 this
263 2632 321 2668 state
332 2623 353 2669 is
368 2623 419 2668 said
435 2625 506 2675 tohe
522 2625 718 2683 unmanageable‚
736 2640 770 2678 or,
787 2635 906 2687 ungovern

68 2689 128 2736 able.
160 2684 239 2735 'Suus
250 2696 333 2745 rector,
344 2687 386 2733 her
396 2685 461 2747 pilot,
473 2687 515 2732 her
526 2695 661 2732 steersmun.
