1912 3082
69 140 123 195 126
372 142 622 192 METAMORPH.

66 279 172 337 Deficit
184 296 238 346 ars,
252 277 395 355 animique
408 280 532 337 cadunt:
553 279 727 353 totidemque
739 277 880 346 videntur,

65 359 144 422 Quot
156 357 271 414 veniant
284 358 398 426 fluctus,
412 377 492 415 ruere
507 369 592 433 atque
605 358 757 432 irrumpere
771 367 887 414 mortes.
904 429 907 432 ἢ

65 434 132 492 Non
146 440 238 493 tenet¹
253 436 301 493 hic
311 437 463 514 lacrymas:
479 447 574 512 stupet
580 436 641 493 hic:
655 448 738 492 vocat
749 435 796 492 ille
804 437 914 504 beatos,

65 513 176 572 Funera
190 535 260 591 quos
274 526 424 573 maneant:
438 515 485 571 hic
498 515 572 572 votis
585 533 691 570 numen
705 515 812 581 adorat,
854 516 914 571 540

64 593 242 669 Brachiaque
255 595 292 650 ad
304 594 416 660 coelum,
432 594 508 668 quod
521 613 579 650 non
593 594 678 660 videt,
693 593 770 650 irrita
784 588 888 651 tollens

65 672 163 729 Poscit
176 691 278 747 opemr
298 674 442 729 subeunt²
453 672 492 728 illi
506 672 662 747 fratresque
673 687 847 747 parensque;

65 751 144 808 Huic
161 769 226 806 cum
239 750 425 825 pignoribus³
445 750 555 818 domne,
576 761 606 807 et
619 751 696 825 quod
710 750 812 825 cuique
832 749 913 807 relic·

65 829 216 904 Halcyone
231 830 328 904 Ceyca
341 839 453 896 movet3
475 828 578 905 Ceycis
592 829 621 884 in
635 847 684 885 ore
769 831 849 902 [tum
860 839 914 886 est.

65 905 152 964 Nulla
164 907 216 964 nisi
232 906 383 982 Halcyone
397 919 457 975 est3
477 918 516 975 et,
532 908 598 965 cdm
612 907 754 964 desideret
768 925 862 975 unam,

65 987 182 1043 Gaudet
195 988 296 1043 abesse
310 997 415 1044 tamen.
458 987 559 1044 Patriae
573 985 686 1062 qudque
699 986 786 1043 vellet
799 986 836 1042 ad
850 1003 913 1042 oras

65 1064 228 1140 Respicere,
243 1065 328 1140 inque
343 1065 460 1122 domum
475 1083 620 1141 supremos
635 1075 742 1121 vertere
753 1064 866 1132 vultus;

64 1143 183 1212 Verrlm,
198 1144 248 1201 ubi
262 1144 306 1212 sit,
322 1144 421 1201 nescit.
462 1145 557 1200 Tanti
569 1143 705 1218 vertigine
718 1153 823 1218 pontus

64 1222 175 1289 Fervet,
190 1233 229 1289 et,
245 1223 362 1279 inducta
374 1221 462 1298 piceis
475 1241 492 1279 e
506 1223 630 1280 nubibus
644 1222 752 1288 umbra,

65 1300 160 1356 Omne
173 1301 245 1356 latet
258 1300 371 1367 coelum,
385 1300 585 1374 duplicataque
597 1299 689 1356 noctis
703 1299 796 1374 imago
810 1311 854 1356 est
862 1304 884 1356 ⁴.

64 1378 214 1452 Frangitur
226 1377 342 1433 incursu
355 1378 476 1434 nimbosi
491 1378 611 1434 turbinis
625 1379 725 1442 arbos;
853 1379 912 1435 551

64 1455 213 1531 Frangitur
225 1465 255 1512 et
268 1454 431 1529 regimen⁶r
451 1454 604 1530 spoliisque
613 1455 740 1510 animosa
750 1466 916 1529 superstans

64 1535 158 1603 Unda,
172 1533 251 1591 velut
263 1533 373 1601 victrix,
387 1533 512 1590 sinuatas
522 1532 642 1607 despicit
654 1530 753 1587 undas.

64 1613 127 1670 Nec
139 1613 229 1670 levius
243 1612 360 1688 quamsi
375 1612 436 1688 quis
453 1612 552 1668 Athon
567 1610 723 1667 Pindumve
733 1609 860 1668 revulsos

65 1692 139 1749 Sede
151 1693 203 1749 sud
216 1702 292 1750 totos
305 1691 334 1747 in
342 1702 473 1768 apertum
486 1689 617 1748 everterit
630 1706 733 1763 oequor,

64 1771 244 1847 Praecipitate
254 1771 326 1837 ruit;
345 1770 504 1847 pariterque
517 1780 549 1827 et
558 1769 684 1845 pondere
697 1778 727 1824 et
738 1767 797 1824 ictu

65 1848 174 1925 Mergit
187 1850 216 1905 in
230 1850 287 1906 ima
299 1860 409 1907 ratemr
430 1869 495 1906 cum
510 1850 566 1925 qui
579 1867 643 1924 pars
657 1866 761 1922 magna
773 1846 895 1905 virorum

65 1927 188 2003 Gurgite
201 1947 298 2003 pressa
310 1927 397 2004 gravi,
409 1947 501 2007 neque
515 1928 544 1983 in
556 1931 622 1985 ae'ra
631 1925 750 1994 reddita,
763 1925 823 1982 fato

65 2004 176 2063 Functa
187 2024 238 2062 suo
253 2015 306 2063 est.
346 2006 406 2062 Alii
416 2017 510 2082 partes
524 2015 554 2062 et
567 2007 694 2061 membra
708 2004 810 2060 carinae

66 2084 180 2140 Trunca
188 2093 296 2140 tenent.
326 2083 419 2141 Tenet
427 2084 487 2158 ipse
499 2102 594 2150 manu,
604 2084 660 2157 quia
667 2093 779 2157 sceptra
793 2082 912 2152 solebat,

65 2161 215 2236 Fragmina
228 2161 331 2235 navigii
341 2162 439 2236 Ceyx:
454 2179 639 2234 socerumque
651 2170 818 2236 patremque
854 2164 911 2218 561

65 2241 192 2306 Invocat,
207 2238 281 2297 heu!
303 2238 414 2296 frustra.
456 2239 513 2296 Sed
526 2238 666 2315 plurima⁶
680 2239 773 2295 nantis
787 2240 876 2298 inore

67 2318 219 2394 Halcyone
233 2321 348 2393 conjux.
388 2317 470 2374 Illam
485 2317 668 2394 meminitque
681 2317 838 2393 refertque,

66 2397 146 2455 Illius
160 2407 226 2454 ante
240 2396 339 2453 oculos
352 2406 385 2453 ut
398 2407 485 2471 agant
499 2415 551 2453 sua
564 2415 682 2472 corpora
695 2396 808 2464 fluctus,

65 2477 172 2554 Optat3
191 2485 222 2533 et
235 2475 372 2533 exanimis
385 2475 516 2533 manibus
530 2476 685 2533 tumuletur
699 2475 805 2532 amicis.
833 2498 836 2504 ·

96 2632 103 2662 ¹
116 2636 170 2681 Nun
181 2641 248 2689 tenet,
259 2633 316 2681 does
326 2642 368 2680 not
385 2649 476 2693 repress
513 2633 639 2684 'Suberat
657 2649 725 2680 recur
740 2642 765 2680 to
780 2634 818 2679 his
833 2631 911 2680 mind.

64 2693 229 2755 'Pignon'bua
240 2696 343 2757 pledges,
354 2700 370 2743 i.
381 2713 400 2743 e.
409 2698 446 2743 his
456 2695 570 2742 children.
605 2695 703 2757 ⁴Imogo
714 2699 785 2743 noctis
793 2699 912 2756 duplicate

51 2765 92 2808 esa
107 2758 151 2800 the
158 2757 224 2803 tbrm
234 2759 267 2804 οἶ
272 2758 343 2819 night
351 2774 398 2805 was
409 2759 517 2812 doubled,
529 2761 545 2804 i.
556 2775 576 2805 e.
588 2758 628 2804 the
643 2757 756 2805 darkness
766 2773 814 2803 was
824 2757 913 2804 double

37 2812 98 2858 that
107 2817 143 2860 of
150 2834 185 2865 an
196 2820 315 2883 ordinary
326 2823 407 2886 night.
442 2823 586 2886 ‘Reginam
602 2821 751 2868 tberudder.
777 2820 917 2873 'Plurima

24 2878 88 2928 '⁶¹7
94 2882 176 2926 muel}
180 2899 194 2938 ,·
212 2897 274 2947 very
283 2887 365 2936 osten.
